,time,bid1,bid_size1,ask1,ask_size1,bid2,bid_size2,ask2,ask_size2
0,2020-12-03 09:49:49.496299-05:00,18.41,5057,18.42,11263,13.01,1588,13.02,2007
1,2020-12-03 09:49:50.499130-05:00,18.41,4631,18.42,11366,13.01,1576,13.02,2045
2,2020-12-03 09:50:00.518556-05:00,18.41,5562,18.42,11286,13.01,1728,13.02,1879
3,2020-12-03 09:50:10.581464-05:00,18.4,14666,18.41,244,13.01,1820,13.02,1506
4,2020-12-03 09:50:19.612368-05:00,18.41,8151,18.42,11729,13.01,1820,13.02,1506
5,2020-12-03 09:50:19.612368-05:00,18.41,8151,18.42,11729,13.01,2003,13.02,1156
6,2020-12-03 09:50:30.654384-05:00,18.41,7906,18.42,11686,13.01,2202,13.02,1100
7,2020-12-03 09:50:40.688310-05:00,18.41,8121,18.42,11323,13.01,2427,13.02,981
8,2020-12-03 09:50:50.475667-05:00,18.41,10855,18.42,8126,13.01,2641,13.02,440
9,2020-12-03 09:51:00.478570-05:00,18.41,11442,18.42,8078,13.02,2237,13.03,2300
10,2020-12-03 09:51:10.585271-05:00,18.41,11469,18.42,7933,13.02,2243,13.03,2164
11,2020-12-03 09:51:20.623292-05:00,18.41,11062,18.42,8076,13.01,2990,13.02,551
12,2020-12-03 09:51:30.526797-05:00,18.41,11617,18.42,7373,13.01,2990,13.02,551
13,2020-12-03 09:51:30.526797-05:00,18.41,11617,18.42,7373,13.02,2063,13.03,2249
14,2020-12-03 09:51:40.456070-05:00,18.41,12477,18.42,1618,13.02,2733,13.03,1429
15,2020-12-03 09:51:50.665724-05:00,18.42,6494,18.43,11806,13.02,2464,13.03,1266
16,2020-12-03 09:52:00.596068-05:00,18.42,3933,18.43,11725,13.02,2292,13.03,1492
17,2020-12-03 09:52:10.699152-05:00,18.41,12440,18.42,9656,13.02,1628,13.03,2303
18,2020-12-03 09:52:20.604938-05:00,18.41,12477,18.42,8832,13.02,1628,13.03,2303
19,2020-12-03 09:52:20.604938-05:00,18.41,12477,18.42,8832,13.02,1766,13.03,2161
20,2020-12-03 09:52:30.460097-05:00,18.41,12508,18.42,8943,13.02,1692,13.03,2161
21,2020-12-03 09:52:40.626292-05:00,18.41,12697,18.42,8401,13.02,1559,13.03,2196
22,2020-12-03 09:52:50.690283-05:00,18.41,11990,18.42,9402,13.02,976,13.03,2371
23,2020-12-03 09:53:00.465034-05:00,18.41,8083,18.42,12567,13.01,2043,13.02,2359
24,2020-12-03 09:53:10.626514-05:00,18.4,12424,18.41,6023,13.0,2820,13.01,1450
25,2020-12-03 09:53:20.645256-05:00,18.4,12482,18.41,5846,13.0,3054,13.01,764
26,2020-12-03 09:53:30.673971-05:00,18.4,12556,18.41,5854,13.0,2977,13.01,637
27,2020-12-03 09:53:40.592671-05:00,18.4,12550,18.41,5086,13.01,1471,13.02,3200
28,2020-12-03 09:53:50.532974-05:00,18.4,6892,18.41,3116,13.0,1998,13.01,1205
29,2020-12-03 09:54:00.480976-05:00,18.4,11520,18.41,5838,13.0,2895,13.01,899
30,2020-12-03 09:54:10.589145-05:00,18.4,8741,18.41,5917,13.01,857,13.02,3314
31,2020-12-03 09:54:20.613972-05:00,18.4,10613,18.41,5946,13.01,1319,13.02,3257
32,2020-12-03 09:54:30.678899-05:00,18.4,10560,18.41,5979,13.01,1334,13.02,3282
33,2020-12-03 09:54:40.663164-05:00,18.4,10498,18.41,6005,13.0,3068,13.01,1310
34,2020-12-03 09:54:50.643661-05:00,18.4,10481,18.41,6047,13.0,3068,13.01,828
35,2020-12-03 09:55:00.666110-05:00,18.4,10439,18.41,6124,13.0,2930,13.01,1231
36,2020-12-03 09:55:10.577457-05:00,18.4,8401,18.41,9172,13.0,2217,13.01,1577
37,2020-12-03 09:55:20.766927-05:00,18.4,10123,18.41,6516,13.0,2657,13.01,1403
38,2020-12-03 09:55:30.585614-05:00,18.4,10516,18.41,6355,13.0,3203,13.01,543
39,2020-12-03 09:55:40.595667-05:00,18.4,10810,18.41,4590,13.01,1760,13.02,3199
40,2020-12-03 09:55:40.595667-05:00,18.4,10810,18.41,4590,13.01,1649,13.02,3235
41,2020-12-03 09:55:50.618968-05:00,18.4,10693,18.41,4648,13.01,1649,13.02,3235
42,2020-12-03 09:56:00.641430-05:00,18.4,9962,18.41,5330,13.01,784,13.02,2854
43,2020-12-03 09:56:10.483359-05:00,18.4,10486,18.41,5664,13.01,732,13.02,3486
44,2020-12-03 09:56:20.507909-05:00,18.4,10859,18.41,2314,13.01,2017,13.02,2406
45,2020-12-03 09:56:30.530558-05:00,18.4,10841,18.41,3081,13.01,1840,13.02,2857
46,2020-12-03 09:56:40.450704-05:00,18.4,10718,18.41,5125,13.01,1559,13.02,3172
47,2020-12-03 09:56:50.534867-05:00,18.4,10365,18.41,5451,13.01,658,13.02,3236
48,2020-12-03 09:57:00.552154-05:00,18.4,10506,18.41,5443,13.01,1243,13.02,3174
49,2020-12-03 09:57:10.644082-05:00,18.4,10618,18.41,5016,13.01,1556,13.02,3061
50,2020-12-03 09:57:20.561968-05:00,18.4,10671,18.41,4882,13.01,1578,13.02,3161
51,2020-12-03 09:57:30.529227-05:00,18.4,10479,18.41,5201,13.01,1445,13.02,3175
52,2020-12-03 09:57:40.641492-05:00,18.4,10479,18.41,5201,13.0,2650,13.01,2339
53,2020-12-03 09:57:40.642489-05:00,18.4,10023,18.41,6813,13.0,2650,13.01,2339
54,2020-12-03 09:57:50.539991-05:00,18.4,10046,18.41,6865,13.0,2646,13.01,2371
55,2020-12-03 09:58:00.552410-05:00,18.4,10432,18.41,6232,13.0,2850,13.01,2316
56,2020-12-03 09:58:10.692177-05:00,18.4,6614,18.41,9570,13.0,1922,13.01,3139
57,2020-12-03 09:58:20.567518-05:00,18.4,6162,18.41,9827,13.0,1619,13.01,3246
58,2020-12-03 09:58:30.605052-05:00,18.4,5468,18.41,9772,13.0,1176,13.01,3287
59,2020-12-03 09:58:40.610018-05:00,18.4,5716,18.41,9779,12.99,3439,13.0,155
60,2020-12-03 09:58:49.233700-05:00,18.4,9331,18.41,8185,13.0,2541,13.01,2523
61,2020-12-03 09:58:59.340475-05:00,18.4,8771,18.41,8365,13.0,2563,13.01,2432
62,2020-12-03 09:59:09.181940-05:00,18.4,10533,18.41,6407,13.0,2968,13.01,2139
63,2020-12-03 09:59:19.239756-05:00,18.4,10656,18.41,5863,13.0,3221,13.01,1993
64,2020-12-03 09:59:29.222891-05:00,18.4,10579,18.41,4478,13.0,3343,13.01,616
65,2020-12-03 09:59:39.240814-05:00,18.4,10322,18.41,5013,13.0,2854,13.01,872
66,2020-12-03 09:59:49.163169-05:00,18.4,10200,18.41,4999,13.0,2820,13.01,847
67,2020-12-03 09:59:59.142278-05:00,18.4,9885,18.41,4020,13.0,2137,13.01,877
68,2020-12-03 10:00:09.145453-05:00,18.4,5817,18.41,9410,13.0,990,13.01,1883
69,2020-12-03 10:00:18.166001-05:00,18.4,5827,18.41,9381,13.0,990,13.01,1883
70,2020-12-03 10:00:18.166001-05:00,18.4,5827,18.41,9381,13.0,1499,13.01,1884
71,2020-12-03 10:00:29.146371-05:00,18.4,8499,18.41,7897,13.0,2162,13.01,1523
72,2020-12-03 10:00:39.125215-05:00,18.4,10625,18.41,6002,13.0,3075,13.01,855
73,2020-12-03 10:00:49.149095-05:00,18.4,10470,18.41,6021,13.0,2988,13.01,1104
74,2020-12-03 10:00:59.247136-05:00,18.41,6325,18.42,12719,13.01,3917,13.02,1424
75,2020-12-03 10:01:09.263720-05:00,18.41,7199,18.42,12431,13.01,4018,13.02,1423
76,2020-12-03 10:01:19.285054-05:00,18.41,5925,18.42,12905,13.01,2993,13.02,2119
77,2020-12-03 10:01:29.132596-05:00,18.41,4841,18.42,13089,13.01,2829,13.02,2210
78,2020-12-03 10:01:39.311176-05:00,18.4,11818,18.41,6064,13.01,1475,13.02,2592
79,2020-12-03 10:01:49.110260-05:00,18.4,11627,18.41,6379,13.01,1292,13.02,2623
80,2020-12-03 10:01:59.241486-05:00,18.4,11797,18.41,3685,13.01,1792,13.02,2539
81,2020-12-03 10:02:08.371073-05:00,18.4,11980,18.41,5391,13.01,1792,13.02,2539
82,2020-12-03 10:02:08.371073-05:00,18.4,11980,18.41,5391,13.01,1389,13.02,2710
83,2020-12-03 10:02:19.226193-05:00,18.4,11980,18.41,5372,13.01,1377,13.02,2708
84,2020-12-03 10:02:29.186512-05:00,18.4,11997,18.41,5110,13.01,1588,13.02,2562
85,2020-12-03 10:02:39.208568-05:00,18.4,11327,18.41,5314,13.01,1227,13.02,2590
86,2020-12-03 10:02:49.231115-05:00,18.4,11267,18.41,5573,13.01,1163,13.02,2648
87,2020-12-03 10:02:59.162163-05:00,18.4,11477,18.41,4561,13.01,1617,13.02,2564
88,2020-12-03 10:03:09.185220-05:00,18.4,11422,18.41,5312,13.01,1419,13.02,2586
89,2020-12-03 10:03:19.205716-05:00,18.4,8481,18.41,9609,13.0,2464,13.01,2662
90,2020-12-03 10:03:29.312310-05:00,18.4,9197,18.41,6925,13.0,3106,13.01,2270
91,2020-12-03 10:03:39.083337-05:00,18.4,9713,18.41,7352,13.0,3238,13.01,2258
92,2020-12-03 10:03:49.135136-05:00,18.4,11252,18.41,5861,13.0,3628,13.01,372
93,2020-12-03 10:03:59.133628-05:00,18.4,11237,18.41,5432,13.01,1442,13.02,2838
94,2020-12-03 10:04:09.152107-05:00,18.4,11127,18.41,5477,13.0,3554,13.01,1772
95,2020-12-03 10:04:18.167144-05:00,18.4,11038,18.41,5751,13.0,3554,13.01,1772
96,2020-12-03 10:04:18.167144-05:00,18.4,11038,18.41,5751,13.0,3281,13.01,1930
97,2020-12-03 10:04:27.029269-05:00,18.4,11038,18.41,5751,13.0,3307,13.01,1316
98,2020-12-03 10:04:29.286140-05:00,18.4,11036,18.41,5512,13.0,3307,13.01,1316
99,2020-12-03 10:04:39.289370-05:00,18.4,11031,18.41,5535,13.0,3305,13.01,1351
100,2020-12-03 10:04:47.037027-05:00,18.4,10863,18.41,6203,13.0,3305,13.01,1351
101,2020-12-03 10:04:47.037027-05:00,18.4,10863,18.41,6203,13.0,3147,13.01,1518
102,2020-12-03 10:04:58.253126-05:00,18.4,10884,18.41,6209,13.0,3184,13.01,1534
103,2020-12-03 10:05:09.247269-05:00,18.4,7807,18.41,9722,13.0,2308,13.01,2521
104,2020-12-03 10:05:19.182018-05:00,18.4,7638,18.41,10070,13.0,2214,13.01,2549
105,2020-12-03 10:05:29.293859-05:00,18.4,9757,18.41,7462,13.0,2850,13.01,1705
106,2020-12-03 10:05:39.317017-05:00,18.4,8985,18.41,9171,13.0,2314,13.01,2263
107,2020-12-03 10:05:46.078125-05:00,18.4,8985,18.41,9171,13.0,2749,13.01,1713
108,2020-12-03 10:05:49.084168-05:00,18.4,9749,18.41,6506,13.0,2749,13.01,1713
109,2020-12-03 10:05:59.107889-05:00,18.4,9767,18.41,7346,13.0,3045,13.01,1583
110,2020-12-03 10:06:09.129677-05:00,18.4,11013,18.41,6103,13.0,3385,13.01,1327
111,2020-12-03 10:06:19.212332-05:00,18.4,11051,18.41,5549,13.0,3407,13.01,1327
112,2020-12-03 10:06:29.229944-05:00,18.4,11415,18.41,4121,13.01,2721,13.02,2786
113,2020-12-03 10:06:39.310480-05:00,18.4,12105,18.41,2096,13.01,3061,13.02,1984
114,2020-12-03 10:06:49.106451-05:00,18.41,9460,18.42,13590,13.01,3258,13.02,1962
115,2020-12-03 10:06:59.125642-05:00,18.41,8802,18.42,13600,13.01,2842,13.02,2506
116,2020-12-03 10:07:09.234764-05:00,18.41,1622,18.42,14049,13.01,1143,13.02,2805
117,2020-12-03 10:07:19.258061-05:00,18.4,12336,18.41,8114,13.01,449,13.02,3026
118,2020-12-03 10:07:29.281919-05:00,18.4,12304,18.41,8110,13.01,914,13.02,3121
119,2020-12-03 10:07:39.304433-05:00,18.4,12412,18.41,7491,13.01,1346,13.02,2827
120,2020-12-03 10:07:49.263256-05:00,18.4,12522,18.41,6012,13.01,1637,13.02,2734
121,2020-12-03 10:07:59.197731-05:00,18.4,12597,18.41,4961,13.01,1756,13.02,2727
122,2020-12-03 10:08:06.207896-05:00,18.4,12597,18.41,4961,13.01,1825,13.02,2468
123,2020-12-03 10:08:09.215207-05:00,18.4,12623,18.41,4555,13.01,1825,13.02,2468
124,2020-12-03 10:08:19.266222-05:00,18.4,12761,18.41,4031,13.01,1824,13.02,2452
125,2020-12-03 10:08:29.107728-05:00,18.41,7347,18.42,6707,13.01,2304,13.02,861
126,2020-12-03 10:08:39.113669-05:00,18.41,12806,18.42,8156,13.01,3033,13.02,361
127,2020-12-03 10:08:49.131027-05:00,18.41,13427,18.42,7627,13.01,3343,13.02,296
128,2020-12-03 10:08:59.147019-05:00,18.41,13571,18.42,7565,13.01,3417,13.02,404
129,2020-12-03 10:09:09.075576-05:00,18.41,13561,18.42,6134,13.02,2585,13.03,2030
130,2020-12-03 10:09:19.092476-05:00,18.41,10659,18.42,9450,13.02,518,13.03,2588
131,2020-12-03 10:09:29.206186-05:00,18.41,13271,18.42,6772,13.02,1353,13.03,2453
132,2020-12-03 10:09:39.131390-05:00,18.41,12567,18.42,8770,13.02,1270,13.03,2493
133,2020-12-03 10:09:49.151080-05:00,18.41,10502,18.42,9826,13.01,3184,13.02,1617
134,2020-12-03 10:09:58.167100-05:00,18.41,13632,18.42,6205,13.01,3184,13.02,1617
135,2020-12-03 10:09:58.167100-05:00,18.41,13632,18.42,6205,13.02,2616,13.03,2343
136,2020-12-03 10:10:09.191007-05:00,18.41,10200,18.42,10076,13.01,3178,13.02,1273
137,2020-12-03 10:10:19.280542-05:00,18.41,9371,18.42,10479,13.01,2977,13.02,1273
138,2020-12-03 10:10:29.110909-05:00,18.41,9311,18.42,10477,13.01,2486,13.02,1390
139,2020-12-03 10:10:39.130743-05:00,18.41,9872,18.42,10231,13.01,3033,13.02,1276
140,2020-12-03 10:10:49.181657-05:00,18.41,9284,18.42,10603,13.01,2162,13.02,1753
141,2020-12-03 10:10:59.086230-05:00,18.41,8942,18.42,10477,13.01,2469,13.02,1403
142,2020-12-03 10:11:09.108643-05:00,18.41,12566,18.42,6953,13.01,3247,13.02,457
143,2020-12-03 10:11:19.264548-05:00,18.41,11203,18.42,9107,13.01,3232,13.02,740
144,2020-12-03 10:11:29.322732-05:00,18.41,8973,18.42,10526,13.01,2863,13.02,1350
145,2020-12-03 10:11:39.131632-05:00,18.41,8505,18.42,10753,13.01,2014,13.02,2509
146,2020-12-03 10:11:49.187626-05:00,18.41,7851,18.42,10767,13.01,2026,13.02,2451
147,2020-12-03 10:11:59.120213-05:00,18.41,7414,18.42,10951,13.01,1939,13.02,2535
148,2020-12-03 10:12:09.138989-05:00,18.41,2498,18.42,11251,13.01,941,13.02,2754
149,2020-12-03 10:12:18.160210-05:00,18.41,2496,18.42,11205,13.01,941,13.02,2754
150,2020-12-03 10:12:18.160210-05:00,18.41,2496,18.42,11205,13.01,1242,13.02,2601
151,2020-12-03 10:12:29.187389-05:00,18.41,3521,18.42,11136,13.01,1205,13.02,2618
152,2020-12-03 10:12:39.211675-05:00,18.41,2995,18.42,11131,13.01,1210,13.02,2686
153,2020-12-03 10:12:49.122302-05:00,18.41,4462,18.42,11043,13.01,1435,13.02,2554
154,2020-12-03 10:12:59.309614-05:00,18.41,3887,18.42,10881,13.01,1229,13.02,2549
155,2020-12-03 10:13:09.078441-05:00,18.41,4420,18.42,10706,13.01,1708,13.02,2494
156,2020-12-03 10:13:19.163448-05:00,18.41,3791,18.42,10867,13.01,1297,13.02,2567
157,2020-12-03 10:13:19.163448-05:00,18.41,3791,18.42,10867,13.01,1535,13.02,2482
158,2020-12-03 10:13:29.305368-05:00,18.41,4381,18.42,10724,13.01,1535,13.02,2482
159,2020-12-03 10:13:39.295410-05:00,18.41,5016,18.42,10639,13.01,1801,13.02,2341
160,2020-12-03 10:13:48.074362-05:00,18.41,5367,18.42,10671,13.01,1801,13.02,2341
161,2020-12-03 10:13:48.074362-05:00,18.41,5367,18.42,10671,13.01,1905,13.02,1806
162,2020-12-03 10:13:59.087182-05:00,18.41,8499,18.42,8734,13.01,2823,13.02,1346
163,2020-12-03 10:14:09.111092-05:00,18.41,3309,18.42,5987,13.01,1593,13.02,872
164,2020-12-03 10:14:16.234170-05:00,18.41,3309,18.42,5987,13.01,1252,13.02,1403
165,2020-12-03 10:14:19.178510-05:00,18.41,2378,18.42,6121,13.01,1252,13.02,1403
166,2020-12-03 10:14:29.199510-05:00,18.41,3285,18.42,5872,13.01,1426,13.02,1291
167,2020-12-03 10:14:39.223627-05:00,18.41,1525,18.42,5608,13.01,888,13.02,1387
168,2020-12-03 10:14:48.243337-05:00,18.41,1143,18.42,1774,13.01,888,13.02,1387
169,2020-12-03 10:14:48.243337-05:00,18.41,1143,18.42,1774,13.01,537,13.02,389
170,2020-12-03 10:14:59.272188-05:00,18.4,936,18.41,3,13.0,200,13.01,266
171,2020-12-03 10:15:09.297184-05:00,18.4,3557,18.41,1701,13.01,374,13.02,668
172,2020-12-03 10:15:18.084363-05:00,18.4,4341,18.41,2151,13.0,1555,13.01,983
173,2020-12-03 10:15:29.095603-05:00,18.4,4253,18.41,2159,13.0,1560,13.01,964
174,2020-12-03 10:15:39.120633-05:00,18.4,4100,18.41,2245,13.0,1473,13.01,986
175,2020-12-03 10:15:49.294240-05:00,18.4,7767,18.41,6928,13.0,1622,13.01,1911
176,2020-12-03 10:15:59.140351-05:00,18.4,3609,18.41,8444,12.99,2241,13.0,1679
177,2020-12-03 10:16:09.159600-05:00,18.4,4763,18.41,10421,12.99,2842,13.0,1356
178,2020-12-03 10:16:19.184520-05:00,18.4,4859,18.41,10180,12.99,2860,13.0,1466
179,2020-12-03 10:16:29.253237-05:00,18.4,4909,18.41,10030,13.0,680,13.01,3001
180,2020-12-03 10:16:39.277762-05:00,18.4,4724,18.41,10030,12.99,2999,13.0,1344
181,2020-12-03 10:16:49.324437-05:00,18.4,4706,18.41,10030,12.99,2856,13.0,1396
182,2020-12-03 10:16:58.131543-05:00,18.4,3709,18.41,10206,12.99,2856,13.0,1396
183,2020-12-03 10:16:58.131543-05:00,18.4,3709,18.41,10206,12.99,2697,13.0,1569
184,2020-12-03 10:17:09.082002-05:00,18.39,8083,18.4,10566,12.99,380,13.0,2790
185,2020-12-03 10:17:19.327549-05:00,18.39,7256,18.4,10944,12.98,2558,12.99,2295
186,2020-12-03 10:17:29.160238-05:00,18.39,7182,18.4,11048,12.98,2767,12.99,2108
187,2020-12-03 10:17:38.090755-05:00,18.39,7297,18.4,11049,12.98,2767,12.99,2108
188,2020-12-03 10:17:38.090755-05:00,18.39,7297,18.4,11049,12.98,2797,12.99,2053
189,2020-12-03 10:17:49.126536-05:00,18.39,8991,18.4,9903,12.98,2922,12.99,1281
190,2020-12-03 10:17:59.136486-05:00,18.39,7988,18.4,10842,12.98,2966,12.99,1527
191,2020-12-03 10:18:09.155834-05:00,18.38,11575,18.39,2887,12.98,3004,12.99,2208
192,2020-12-03 10:18:19.184548-05:00,18.38,11435,18.39,5311,12.98,2273,12.99,2629
193,2020-12-03 10:18:29.200418-05:00,18.38,10926,18.39,2983,12.98,2211,12.99,1859
194,2020-12-03 10:18:39.219909-05:00,18.38,12284,18.39,2180,12.98,2704,12.99,2117
195,2020-12-03 10:18:49.244680-05:00,18.38,12251,18.39,4400,12.98,2458,12.99,2577
196,2020-12-03 10:18:59.259634-05:00,18.38,12181,18.39,4552,12.98,2483,12.99,2568
197,2020-12-03 10:19:09.276742-05:00,18.38,11710,18.39,5190,12.98,1914,12.99,2681
198,2020-12-03 10:19:19.151144-05:00,18.38,11889,18.39,5067,12.98,2189,12.99,2608
199,2020-12-03 10:19:29.168968-05:00,18.38,12176,18.39,2259,12.98,2673,12.99,1887
200,2020-12-03 10:19:39.097361-05:00,18.38,12271,18.39,2261,12.98,2626,12.99,1806
201,2020-12-03 10:19:49.140512-05:00,18.38,12291,18.39,2703,12.98,2937,12.99,1748
202,2020-12-03 10:19:59.136671-05:00,18.38,12360,18.39,2764,12.98,3079,12.99,1496
203,2020-12-03 10:20:09.210695-05:00,18.38,11383,18.39,5558,12.98,1474,12.99,2660
204,2020-12-03 10:20:19.136195-05:00,18.38,11444,18.39,5372,12.98,1737,12.99,2540
205,2020-12-03 10:20:29.195517-05:00,18.38,11688,18.39,3729,12.98,2220,12.99,1760
206,2020-12-03 10:20:39.316729-05:00,18.38,11677,18.39,3729,12.98,2519,12.99,1636
207,2020-12-03 10:20:49.235953-05:00,18.38,11581,18.39,4968,12.98,1949,12.99,2541
208,2020-12-03 10:20:59.255149-05:00,18.38,11582,18.39,5040,12.98,1961,12.99,2462
209,2020-12-03 10:21:09.114730-05:00,18.38,11595,18.39,4228,12.98,2038,12.99,1854
210,2020-12-03 10:21:09.114730-05:00,18.38,11595,18.39,4228,12.98,2032,12.99,1860
211,2020-12-03 10:21:19.149596-05:00,18.38,11586,18.39,4251,12.98,2032,12.99,1860
212,2020-12-03 10:21:29.185055-05:00,18.38,11543,18.39,4957,12.98,1959,12.99,2498
213,2020-12-03 10:21:39.158403-05:00,18.38,11705,18.39,2733,12.98,2745,12.99,1628
214,2020-12-03 10:21:49.254281-05:00,18.38,11578,18.39,4498,12.98,2027,12.99,2044
215,2020-12-03 10:21:59.159003-05:00,18.38,11628,18.39,2733,12.98,2793,12.99,1649
216,2020-12-03 10:22:09.181790-05:00,18.38,11515,18.39,5020,12.98,2002,12.99,2532
217,2020-12-03 10:22:09.181790-05:00,18.38,11515,18.39,5020,12.98,2079,12.99,2126
218,2020-12-03 10:22:19.152792-05:00,18.38,11583,18.39,3932,12.98,2079,12.99,2126
219,2020-12-03 10:22:29.190408-05:00,18.38,11575,18.39,4602,12.98,2239,12.99,2133
220,2020-12-03 10:22:39.124433-05:00,18.38,11564,18.39,4686,12.98,2053,12.99,1955
221,2020-12-03 10:22:49.129295-05:00,18.38,11886,18.39,1216,12.98,2946,12.99,1455
222,2020-12-03 10:22:59.193936-05:00,18.38,11819,18.39,2755,12.98,2807,12.99,1561
223,2020-12-03 10:23:09.169541-05:00,18.38,11711,18.39,3988,12.98,2198,12.99,2003
224,2020-12-03 10:23:19.264218-05:00,18.38,11802,18.39,2744,12.98,2592,12.99,1627
225,2020-12-03 10:23:29.300763-05:00,18.38,11703,18.39,3838,12.98,2198,12.99,1794
226,2020-12-03 10:23:39.280423-05:00,18.38,11485,18.39,5226,12.98,1828,12.99,2742
227,2020-12-03 10:23:48.048784-05:00,18.38,8623,18.39,8649,12.98,1828,12.99,2742
228,2020-12-03 10:23:48.048784-05:00,18.38,8623,18.39,8649,12.97,3089,12.98,1967
229,2020-12-03 10:23:59.069470-05:00,18.38,8635,18.39,8649,12.97,3070,12.98,2177
230,2020-12-03 10:24:09.186335-05:00,18.38,8436,18.39,9607,12.97,2873,12.98,2341
231,2020-12-03 10:24:19.203426-05:00,18.38,8643,18.39,8629,12.97,2956,12.98,2133
232,2020-12-03 10:24:29.305943-05:00,18.38,9900,18.39,7681,12.97,2993,12.98,2105
233,2020-12-03 10:24:39.342183-05:00,18.38,10857,18.39,6419,12.97,3002,12.98,1470
234,2020-12-03 10:24:49.377388-05:00,18.38,11156,18.39,5426,12.98,2564,12.99,2804
235,2020-12-03 10:24:59.105006-05:00,18.38,11195,18.39,5264,12.98,2534,12.99,2800
236,2020-12-03 10:25:09.101129-05:00,18.38,11133,18.39,5412,12.98,2534,12.99,2696
237,2020-12-03 10:25:19.175393-05:00,18.38,11571,18.39,4771,12.98,2642,12.99,2638
238,2020-12-03 10:25:29.211103-05:00,18.38,11517,18.39,5026,12.98,2407,12.99,2703
239,2020-12-03 10:25:39.144660-05:00,18.38,11486,18.39,5296,12.98,2411,12.99,2719
240,2020-12-03 10:25:49.177787-05:00,18.38,11621,18.39,3980,12.98,2529,12.99,2251
241,2020-12-03 10:25:59.316554-05:00,18.38,11485,18.39,4692,12.98,2460,12.99,2392
242,2020-12-03 10:26:09.147220-05:00,18.38,11760,18.39,2716,12.98,2937,12.99,1786
243,2020-12-03 10:26:19.182071-05:00,18.38,11813,18.39,2711,12.98,2963,12.99,1728
244,2020-12-03 10:26:29.114313-05:00,18.39,12753,18.4,8473,12.98,3392,12.99,406
245,2020-12-03 10:26:39.105634-05:00,18.39,10773,18.4,10709,12.99,1068,13.0,2847
246,2020-12-03 10:26:49.186122-05:00,18.39,10062,18.4,10951,12.99,899,13.0,2867
247,2020-12-03 10:26:59.142234-05:00,18.39,9281,18.4,11156,12.98,3597,12.99,1935
248,2020-12-03 10:27:09.078482-05:00,18.39,9265,18.4,11136,12.98,3487,12.99,2040
249,2020-12-03 10:27:19.188710-05:00,18.39,5916,18.4,11789,12.98,2573,12.99,3112
250,2020-12-03 10:27:28.109578-05:00,18.39,3991,18.4,11885,12.98,2573,12.99,3112
251,2020-12-03 10:27:28.109578-05:00,18.39,3991,18.4,11885,12.98,2564,12.99,3097
252,2020-12-03 10:27:39.128049-05:00,18.38,11420,18.39,6289,12.98,1661,12.99,3438
253,2020-12-03 10:27:48.146945-05:00,18.38,10944,18.39,7311,12.98,1661,12.99,3438
254,2020-12-03 10:27:48.146945-05:00,18.38,10944,18.39,7311,12.98,44,12.99,3690
255,2020-12-03 10:27:59.088715-05:00,18.38,12749,18.39,7366,12.98,871,12.99,3641
256,2020-12-03 10:28:09.160147-05:00,18.38,7641,18.39,11154,12.97,1785,12.98,3713
257,2020-12-03 10:28:19.187391-05:00,18.38,8022,18.39,11162,12.97,1787,12.98,3727
258,2020-12-03 10:28:29.230786-05:00,18.38,7842,18.39,11287,12.97,1471,12.98,3793
259,2020-12-03 10:28:39.264925-05:00,18.38,2735,18.39,12518,12.96,2921,12.97,2365
260,2020-12-03 10:28:48.261830-05:00,18.38,5653,18.39,11899,12.96,2921,12.97,2365
261,2020-12-03 10:28:48.261830-05:00,18.38,5653,18.39,11899,12.96,3150,12.97,1241
262,2020-12-03 10:28:58.312535-05:00,18.38,6601,18.39,11444,12.96,3647,12.97,478
263,2020-12-03 10:29:09.371034-05:00,18.38,8689,18.39,9247,12.97,2977,12.98,2793
264,2020-12-03 10:29:16.130686-05:00,18.38,8689,18.39,9247,12.97,3066,12.98,2810
265,2020-12-03 10:29:19.074541-05:00,18.38,8659,18.39,10040,12.97,3066,12.98,2810
266,2020-12-03 10:29:27.292626-05:00,18.38,8659,18.39,10040,12.97,2305,12.98,3544
267,2020-12-03 10:29:29.236585-05:00,18.38,6661,18.39,11042,12.97,2305,12.98,3544
268,2020-12-03 10:29:39.225368-05:00,18.38,8670,18.39,9894,12.97,2629,12.98,2860
269,2020-12-03 10:29:49.308252-05:00,18.38,8491,18.39,9887,12.97,2545,12.98,2607
270,2020-12-03 10:29:59.344084-05:00,18.38,8641,18.39,9878,12.97,2674,12.98,2580
271,2020-12-03 10:30:09.276705-05:00,18.38,9470,18.39,7541,12.97,3190,12.98,2262
272,2020-12-03 10:30:19.209310-05:00,18.38,9218,18.39,7925,12.97,2777,12.98,2401
273,2020-12-03 10:30:29.243335-05:00,18.38,7369,18.39,10266,12.97,2494,12.98,3138
274,2020-12-03 10:30:39.241940-05:00,18.38,9197,18.39,8118,12.97,2619,12.98,2359
275,2020-12-03 10:30:49.119196-05:00,18.38,9210,18.39,8036,12.97,2769,12.98,2514
276,2020-12-03 10:30:59.139897-05:00,18.38,8646,18.39,9946,12.97,2625,12.98,2556
277,2020-12-03 10:31:09.386262-05:00,18.38,3263,18.39,6521,12.97,1540,12.98,2531
278,2020-12-03 10:31:14.044634-05:00,18.38,3263,18.39,6521,12.97,1141,12.98,3215
279,2020-12-03 10:31:19.318631-05:00,18.38,5773,18.39,11102,12.97,1141,12.98,3215
280,2020-12-03 10:31:29.148593-05:00,18.38,5496,18.39,11182,12.97,1128,12.98,3214
281,2020-12-03 10:31:39.093005-05:00,18.38,5541,18.39,11148,12.97,1101,12.98,3178
282,2020-12-03 10:31:49.299738-05:00,18.38,6338,18.39,11062,12.97,1473,12.98,3152
283,2020-12-03 10:31:59.153158-05:00,18.38,5648,18.39,11175,12.97,1222,12.98,3161
284,2020-12-03 10:32:09.187624-05:00,18.38,5513,18.39,11175,12.97,908,12.98,3350
285,2020-12-03 10:32:19.104529-05:00,18.38,1513,18.39,11511,12.96,2713,12.97,2166
286,2020-12-03 10:32:29.155750-05:00,18.38,2929,18.39,11491,12.96,2733,12.97,2169
287,2020-12-03 10:32:39.190706-05:00,18.37,10984,18.38,7112,12.96,2573,12.97,2207
288,2020-12-03 10:32:49.181175-05:00,18.37,10905,18.38,7070,12.96,1906,12.97,2790
289,2020-12-03 10:32:59.260868-05:00,18.37,11400,18.38,6723,12.96,2750,12.97,2068
290,2020-12-03 10:33:09.216714-05:00,18.37,10625,18.38,6962,12.96,1899,12.97,2949
291,2020-12-03 10:33:19.133058-05:00,18.37,10661,18.38,6942,12.96,1915,12.97,2730
292,2020-12-03 10:33:29.152091-05:00,18.37,10830,18.38,6963,12.96,1895,12.97,2807
293,2020-12-03 10:33:38.174227-05:00,18.37,10830,18.38,6963,12.95,3317,12.96,2257
294,2020-12-03 10:33:39.300465-05:00,18.37,5480,18.38,9891,12.95,3317,12.96,2257
295,2020-12-03 10:33:48.256504-05:00,18.37,6448,18.38,9805,12.95,3317,12.96,2257
296,2020-12-03 10:33:48.256504-05:00,18.37,6448,18.38,9805,12.95,3255,12.96,2206
297,2020-12-03 10:33:59.168222-05:00,18.37,6876,18.38,9836,12.95,3382,12.96,1630
298,2020-12-03 10:34:09.201823-05:00,18.37,8145,18.38,8974,12.95,3414,12.96,537
299,2020-12-03 10:34:19.146822-05:00,18.37,6873,18.38,9130,12.95,3330,12.96,904
300,2020-12-03 10:34:27.160606-05:00,18.37,9638,18.38,5911,12.95,3330,12.96,904
301,2020-12-03 10:34:27.160606-05:00,18.37,9638,18.38,5911,12.96,2115,12.97,3020
302,2020-12-03 10:34:39.185933-05:00,18.37,8793,18.38,8140,12.96,1690,12.97,3049
303,2020-12-03 10:34:49.210002-05:00,18.37,4784,18.38,10156,12.95,2282,12.96,2978
304,2020-12-03 10:34:59.173204-05:00,18.37,3989,18.38,10333,12.95,1917,12.96,3202
305,2020-12-03 10:35:09.208230-05:00,18.36,11011,18.37,9712,12.94,3445,12.95,1534
306,2020-12-03 10:35:19.243144-05:00,18.36,10589,18.37,11416,12.94,3276,12.95,1737
307,2020-12-03 10:35:29.278188-05:00,18.36,9798,18.37,13263,12.94,3053,12.95,1817
308,2020-12-03 10:35:39.210530-05:00,18.36,10599,18.37,11168,12.94,3296,12.95,1800
309,2020-12-03 10:35:49.128228-05:00,18.36,11457,18.37,9890,12.94,3598,12.95,587
310,2020-12-03 10:35:59.178468-05:00,18.36,11657,18.37,7742,12.95,3031,12.96,3026
311,2020-12-03 10:36:09.268993-05:00,18.36,12124,18.37,3142,12.95,3459,12.96,2231
312,2020-12-03 10:36:19.354203-05:00,18.36,11708,18.37,6327,12.95,2756,12.96,3035
313,2020-12-03 10:36:29.181408-05:00,18.36,11138,18.37,6438,12.95,2162,12.96,3165
314,2020-12-03 10:36:39.106560-05:00,18.36,11070,18.37,6437,12.95,1569,12.96,3161
315,2020-12-03 10:36:49.151184-05:00,18.36,11050,18.37,6885,12.95,1066,12.96,3167
316,2020-12-03 10:36:59.093568-05:00,18.36,11156,18.37,6905,12.95,1237,12.96,3156
317,2020-12-03 10:37:09.529364-05:00,18.36,11051,18.37,6858,12.95,1314,12.96,3137
318,2020-12-03 10:37:19.154439-05:00,18.36,11405,18.37,6876,12.95,1638,12.96,3122
319,2020-12-03 10:37:29.159418-05:00,18.36,11936,18.37,4569,12.95,2008,12.96,2590
320,2020-12-03 10:37:39.225851-05:00,18.36,11540,18.37,6352,12.95,1700,12.96,2813
321,2020-12-03 10:37:49.202910-05:00,18.36,11082,18.37,6473,12.95,1356,12.96,3149
322,2020-12-03 10:37:58.269456-05:00,18.36,11069,18.37,6889,12.95,1356,12.96,3149
323,2020-12-03 10:37:58.269456-05:00,18.36,11069,18.37,6889,12.95,1300,12.96,3148
324,2020-12-03 10:38:09.331157-05:00,18.36,9921,18.37,7676,12.95,934,12.96,3371
325,2020-12-03 10:38:19.270698-05:00,18.36,9898,18.37,7605,12.95,894,12.96,3372
326,2020-12-03 10:38:27.045959-05:00,18.36,9891,18.37,7661,12.95,894,12.96,3372
327,2020-12-03 10:38:27.045959-05:00,18.36,9891,18.37,7661,12.95,749,12.96,3392
328,2020-12-03 10:38:37.081311-05:00,18.36,8840,18.37,9050,12.95,749,12.96,3392
329,2020-12-03 10:38:37.081311-05:00,18.36,8840,18.37,9050,12.95,156,12.96,3419
330,2020-12-03 10:38:49.151087-05:00,18.36,7428,18.37,10936,12.94,2846,12.95,2517
331,2020-12-03 10:38:59.199342-05:00,18.36,6896,18.37,11424,12.94,2399,12.95,3393
332,2020-12-03 10:39:09.289934-05:00,18.36,6862,18.37,11467,12.94,2357,12.95,3397
333,2020-12-03 10:39:18.277629-05:00,18.36,6219,18.37,11516,12.94,2357,12.95,3397
334,2020-12-03 10:39:18.277629-05:00,18.36,6219,18.37,11516,12.94,2238,12.95,3445
335,2020-12-03 10:39:29.286161-05:00,18.36,6519,18.37,11097,12.94,2323,12.95,3075
336,2020-12-03 10:39:39.137433-05:00,18.36,6487,18.37,11107,12.94,2331,12.95,3395
337,2020-12-03 10:39:46.137780-05:00,18.36,6487,18.37,11107,12.94,2932,12.95,2383
338,2020-12-03 10:39:49.171329-05:00,18.36,7011,18.37,11070,12.94,2932,12.95,2383
339,2020-12-03 10:39:58.285136-05:00,18.36,11161,18.37,7415,12.94,2932,12.95,2383
340,2020-12-03 10:39:59.262397-05:00,18.36,11161,18.37,7415,12.94,3781,12.95,704
341,2020-12-03 10:40:09.342454-05:00,18.36,11686,18.37,6852,12.95,2442,12.96,3223
342,2020-12-03 10:40:19.175294-05:00,18.36,11750,18.37,6874,12.95,2095,12.96,3228
343,2020-12-03 10:40:27.158168-05:00,18.36,11550,18.37,6922,12.95,2095,12.96,3228
344,2020-12-03 10:40:27.158168-05:00,18.36,11550,18.37,6922,12.95,2049,12.96,3390
345,2020-12-03 10:40:38.221192-05:00,18.36,11635,18.37,6919,12.95,2049,12.96,3390
346,2020-12-03 10:40:38.221192-05:00,18.36,11635,18.37,6919,12.95,2038,12.96,3357
347,2020-12-03 10:40:49.177626-05:00,18.36,11547,18.37,6921,12.95,1621,12.96,3314
348,2020-12-03 10:40:59.315584-05:00,18.36,11785,18.37,6820,12.95,1823,12.96,3267
349,2020-12-03 10:41:09.194899-05:00,18.36,11491,18.37,6930,12.95,1695,12.96,3366
350,2020-12-03 10:41:19.113556-05:00,18.36,11593,18.37,6846,12.95,1686,12.96,3369
351,2020-12-03 10:41:29.318984-05:00,18.36,11651,18.37,6580,12.95,1743,12.96,3017
352,2020-12-03 10:41:39.353613-05:00,18.36,11695,18.37,5601,12.95,2122,12.96,2684
353,2020-12-03 10:41:49.183828-05:00,18.36,11744,18.37,4420,12.95,2510,12.96,2304
354,2020-12-03 10:41:59.219426-05:00,18.36,11795,18.37,4607,12.95,2292,12.96,2318
355,2020-12-03 10:42:09.360362-05:00,18.36,11518,18.37,6192,12.95,1740,12.96,3193
356,2020-12-03 10:42:19.223451-05:00,18.36,11759,18.37,5786,12.95,1949,12.96,2658
357,2020-12-03 10:42:29.059467-05:00,18.36,11837,18.37,4431,12.95,2614,12.96,2242
358,2020-12-03 10:42:39.155912-05:00,18.36,11773,18.37,1639,12.95,3220,12.96,1596
359,2020-12-03 10:42:49.396767-05:00,18.37,9391,18.38,11431,12.95,3276,12.96,845
360,2020-12-03 10:42:59.328293-05:00,18.37,8226,18.38,11478,12.95,3029,12.96,1369
361,2020-12-03 10:42:59.328293-05:00,18.37,8226,18.38,11478,12.95,3382,12.96,508
362,2020-12-03 10:43:09.079015-05:00,18.37,9314,18.38,11001,12.95,3382,12.96,508
363,2020-12-03 10:43:19.080696-05:00,18.37,9374,18.38,10826,12.96,2264,12.97,2619
364,2020-12-03 10:43:29.228597-05:00,18.37,12067,18.38,7889,12.96,2444,12.97,2437
365,2020-12-03 10:43:39.265553-05:00,18.37,12088,18.38,7710,12.96,2526,12.97,1968
366,2020-12-03 10:43:49.198151-05:00,18.37,11563,18.38,7720,12.96,2526,12.97,2308
367,2020-12-03 10:43:59.095328-05:00,18.37,11492,18.38,9798,12.96,2243,12.97,2626
368,2020-12-03 10:44:09.125262-05:00,18.37,11337,18.38,7976,12.96,2245,12.97,2393
369,2020-12-03 10:44:19.406989-05:00,18.37,10468,18.38,9839,12.96,2195,12.97,2639
370,2020-12-03 10:44:29.237966-05:00,18.37,9199,18.38,10958,12.96,2110,12.97,2670
371,2020-12-03 10:44:39.271333-05:00,18.37,11412,18.38,7707,12.96,2342,12.97,2161
372,2020-12-03 10:44:49.281059-05:00,18.37,12160,18.38,7020,12.96,2747,12.97,1691
373,2020-12-03 10:44:59.342784-05:00,18.37,12224,18.38,5622,12.96,3226,12.97,1142
374,2020-12-03 10:45:08.149265-05:00,18.37,11938,18.38,6451,12.96,3082,12.97,1188
375,2020-12-03 10:45:19.104984-05:00,18.37,12094,18.38,5994,12.96,3340,12.97,1150
376,2020-12-03 10:45:29.081633-05:00,18.37,11539,18.38,6764,12.96,2841,12.97,1426
377,2020-12-03 10:45:39.175848-05:00,18.37,10896,18.38,8160,12.96,2357,12.97,2275
378,2020-12-03 10:45:49.211056-05:00,18.37,9576,18.38,9056,12.96,2294,12.97,2310
379,2020-12-03 10:45:59.348763-05:00,18.37,10994,18.38,9207,12.96,2286,12.97,2322
380,2020-12-03 10:46:09.281565-05:00,18.37,8465,18.38,10056,12.96,1847,12.97,2089
381,2020-12-03 10:46:15.214754-05:00,18.37,7846,18.38,10642,12.96,1847,12.97,2089
382,2020-12-03 10:46:15.214754-05:00,18.37,7846,18.38,10642,12.96,1425,12.97,2464
383,2020-12-03 10:46:28.329301-05:00,18.37,7846,18.38,10642,12.96,1425,12.97,2481
384,2020-12-03 10:46:39.182941-05:00,18.37,7733,18.38,10675,12.96,443,12.97,2699
385,2020-12-03 10:46:49.116331-05:00,18.37,7612,18.38,10675,12.95,3372,12.96,2154
386,2020-12-03 10:46:59.075354-05:00,18.37,4900,18.38,2696,12.96,1617,12.97,1522
387,2020-12-03 10:47:09.186844-05:00,18.37,5338,18.38,9115,12.96,1461,12.97,2600
388,2020-12-03 10:47:19.221230-05:00,18.37,8354,18.38,9087,12.96,1817,12.97,2477
389,2020-12-03 10:47:29.358878-05:00,18.37,10226,18.38,7710,12.96,2160,12.97,2376
390,2020-12-03 10:47:39.204494-05:00,18.37,9143,18.38,8707,12.96,2135,12.97,2180
391,2020-12-03 10:47:49.154791-05:00,18.37,9137,18.38,8353,12.96,1985,12.97,2168
392,2020-12-03 10:47:58.236804-05:00,18.37,10204,18.38,7686,12.96,1985,12.97,2168
393,2020-12-03 10:47:58.236804-05:00,18.37,10204,18.38,7686,12.96,2115,12.97,2163
394,2020-12-03 10:48:09.192016-05:00,18.37,9125,18.38,8686,12.96,1922,12.97,2266
395,2020-12-03 10:48:17.188810-05:00,18.37,9095,18.38,8843,12.96,1922,12.97,2266
396,2020-12-03 10:48:17.188810-05:00,18.37,9095,18.38,8843,12.96,2022,12.97,2201
397,2020-12-03 10:48:29.160921-05:00,18.37,8145,18.38,9268,12.96,520,12.97,2508
398,2020-12-03 10:48:39.137275-05:00,18.37,7527,18.38,8686,12.96,9,12.97,2301
399,2020-12-03 10:48:49.231647-05:00,18.36,7766,18.37,11424,12.94,2318,12.95,2746
400,2020-12-03 10:48:59.369004-05:00,18.36,9098,18.37,11227,12.94,3314,12.95,1880
401,2020-12-03 10:49:09.404866-05:00,18.36,8305,18.37,11388,12.94,3431,12.95,1250
402,2020-12-03 10:49:19.132519-05:00,18.36,7757,18.37,11477,12.94,2419,12.95,1921
403,2020-12-03 10:49:29.168193-05:00,18.36,8230,18.37,11389,12.94,3213,12.95,1255
404,2020-12-03 10:49:39.189352-05:00,18.36,8430,18.37,11260,12.94,3341,12.95,1194
405,2020-12-03 10:49:49.237669-05:00,18.36,9583,18.37,10895,12.94,3474,12.95,1199
406,2020-12-03 10:49:59.171982-05:00,18.36,9564,18.37,11028,12.94,3475,12.95,1197
407,2020-12-03 10:50:08.080406-05:00,18.36,10950,18.37,9962,12.94,3475,12.95,1197
408,2020-12-03 10:50:08.080406-05:00,18.36,10950,18.37,9962,12.94,3529,12.95,1123
409,2020-12-03 10:50:19.240660-05:00,18.36,12004,18.37,6941,12.95,2972,12.96,3204
410,2020-12-03 10:50:28.253085-05:00,18.36,14139,18.37,311,12.95,2972,12.96,3204
411,2020-12-03 10:50:28.253085-05:00,18.36,14139,18.37,311,12.95,4350,12.96,1493
412,2020-12-03 10:50:39.312555-05:00,18.37,11238,18.38,9696,12.95,4115,12.96,470
413,2020-12-03 10:50:49.348643-05:00,18.37,9790,18.38,10994,12.95,4143,12.96,1205
414,2020-12-03 10:50:59.282460-05:00,18.37,9017,18.38,10685,12.95,3875,12.96,1258
415,2020-12-03 10:51:09.315970-05:00,18.37,9115,18.38,10686,12.95,3871,12.96,1230
416,2020-12-03 10:51:19.073973-05:00,18.37,4554,18.38,11168,12.95,2805,12.96,2341
417,2020-12-03 10:51:29.280596-05:00,18.37,6705,18.38,10812,12.95,3433,12.96,1398
418,2020-12-03 10:51:39.318602-05:00,18.37,5508,18.38,10542,12.95,2499,12.96,1895
419,2020-12-03 10:51:49.149475-05:00,18.36,11614,18.37,5563,12.95,2127,12.96,2370
420,2020-12-03 10:51:59.090786-05:00,18.36,12983,18.37,4649,12.95,2458,12.96,2297
421,2020-12-03 10:52:09.072560-05:00,18.36,13038,18.37,3943,12.95,2571,12.96,2056
422,2020-12-03 10:52:19.285507-05:00,18.36,13074,18.37,3811,12.95,2556,12.96,2061
423,2020-12-03 10:52:26.190153-05:00,18.36,12960,18.37,4748,12.95,2556,12.96,2061
424,2020-12-03 10:52:26.190153-05:00,18.36,12960,18.37,4748,12.95,2387,12.96,2399
425,2020-12-03 10:52:39.326170-05:00,18.36,12921,18.37,4720,12.95,2332,12.96,2359
426,2020-12-03 10:52:49.258096-05:00,18.36,13069,18.37,4613,12.95,2447,12.96,2155
427,2020-12-03 10:52:59.294180-05:00,18.36,13050,18.37,4472,12.95,2503,12.96,2111
428,2020-12-03 10:53:09.250583-05:00,18.36,12975,18.37,4722,12.95,2395,12.96,2360
429,2020-12-03 10:53:18.340270-05:00,18.36,12975,18.37,4722,12.95,2356,12.96,2420
430,2020-12-03 10:53:19.364230-05:00,18.36,12922,18.37,4716,12.95,2356,12.96,2420
431,2020-12-03 10:53:21.107958-05:00,18.36,12922,18.37,4716,12.95,1873,12.96,2446
432,2020-12-03 10:53:29.400445-05:00,18.36,12402,18.37,4843,12.95,1873,12.96,2446
433,2020-12-03 10:53:39.060570-05:00,18.36,13085,18.37,4013,12.95,2422,12.96,1873
434,2020-12-03 10:53:49.082202-05:00,18.36,13077,18.37,3909,12.95,2411,12.96,1654
435,2020-12-03 10:53:59.102181-05:00,18.36,13083,18.37,2863,12.95,2876,12.96,1321
436,2020-12-03 10:53:59.102181-05:00,18.36,13083,18.37,2863,12.95,2267,12.96,2385
437,2020-12-03 10:54:08.210010-05:00,18.36,12906,18.37,4366,12.95,2267,12.96,2385
438,2020-12-03 10:54:19.166513-05:00,18.36,13069,18.37,3330,12.95,2758,12.96,1492
439,2020-12-03 10:54:29.202326-05:00,18.36,12786,18.37,4516,12.95,2251,12.96,2369
440,2020-12-03 10:54:39.134171-05:00,18.36,12488,18.37,4478,12.95,2041,12.96,2403
441,2020-12-03 10:54:49.272497-05:00,18.36,12826,18.37,4518,12.95,2110,12.96,2395
442,2020-12-03 10:54:59.263111-05:00,18.36,12958,18.37,4487,12.95,2304,12.96,2333
443,2020-12-03 10:55:09.280679-05:00,18.36,13120,18.37,2848,12.95,2819,12.96,1375
444,2020-12-03 10:55:19.378082-05:00,18.36,12969,18.37,4407,12.95,2304,12.96,2234
445,2020-12-03 10:55:28.226171-05:00,18.36,13138,18.37,1890,12.95,2304,12.96,2234
446,2020-12-03 10:55:28.226171-05:00,18.36,13138,18.37,1890,12.95,3305,12.96,1280
447,2020-12-03 10:55:39.222729-05:00,18.36,13067,18.37,3294,12.95,2954,12.96,1285
448,2020-12-03 10:55:49.278358-05:00,18.36,11573,18.37,6974,12.95,780,12.96,2802
449,2020-12-03 10:55:59.314128-05:00,18.36,11534,18.37,6978,12.95,846,12.96,2820
450,2020-12-03 10:56:09.304699-05:00,18.36,8908,18.37,9274,12.94,3345,12.95,976
451,2020-12-03 10:56:18.156159-05:00,18.36,8934,18.37,9332,12.94,3334,12.95,988
452,2020-12-03 10:56:29.523548-05:00,18.36,9679,18.37,8889,12.94,3388,12.95,982
453,2020-12-03 10:56:39.250500-05:00,18.36,8455,18.37,9649,12.94,2465,12.95,1627
454,2020-12-03 10:56:49.387953-05:00,18.36,8413,18.37,9410,12.94,2465,12.95,1807
455,2020-12-03 10:56:59.117316-05:00,18.36,7943,18.37,9734,12.94,2236,12.95,2170
456,2020-12-03 10:57:09.129638-05:00,18.36,9148,18.37,9161,12.94,3327,12.95,1075
457,2020-12-03 10:57:19.149127-05:00,18.36,9774,18.37,9210,12.94,3409,12.95,1027
458,2020-12-03 10:57:29.170037-05:00,18.36,10307,18.37,8104,12.94,3445,12.95,799
459,2020-12-03 10:57:39.256031-05:00,18.36,8479,18.37,9507,12.94,3437,12.95,1103
460,2020-12-03 10:57:49.292225-05:00,18.36,11859,18.37,6596,12.94,3669,12.95,520
461,2020-12-03 10:57:57.278298-05:00,18.36,11859,18.37,6596,12.94,3672,12.95,293
462,2020-12-03 10:57:59.225945-05:00,18.36,11910,18.37,5813,12.94,3672,12.95,293
463,2020-12-03 10:58:09.170226-05:00,18.36,12537,18.37,4722,12.95,2915,12.96,2508
464,2020-12-03 10:58:19.190811-05:00,18.36,12302,18.37,4761,12.95,2306,12.96,2834
465,2020-12-03 10:58:29.090351-05:00,18.36,12445,18.37,4626,12.95,2518,12.96,2317
466,2020-12-03 10:58:39.161166-05:00,18.36,12661,18.37,3184,12.95,3108,12.96,1628
467,2020-12-03 10:58:49.196938-05:00,18.36,12427,18.37,4737,12.95,2515,12.96,2268
468,2020-12-03 10:58:59.256317-05:00,18.36,12554,18.37,3536,12.95,2798,12.96,1765
469,2020-12-03 10:59:09.170098-05:00,18.36,12418,18.37,4702,12.95,2487,12.96,2204
470,2020-12-03 10:59:19.108010-05:00,18.36,12429,18.37,4798,12.95,2394,12.96,2488
471,2020-12-03 10:59:29.303643-05:00,18.36,11971,18.37,4876,12.95,2157,12.96,2593
472,2020-12-03 10:59:39.071219-05:00,18.36,11951,18.37,4880,12.95,2076,12.96,2610
473,2020-12-03 10:59:49.087218-05:00,18.36,9626,18.37,9233,12.95,57,12.96,3227
474,2020-12-03 10:59:59.106727-05:00,18.36,9636,18.37,9232,12.94,3721,12.95,2035
475,2020-12-03 11:00:09.128510-05:00,18.36,9659,18.37,8423,12.94,3414,12.95,1986
476,2020-12-03 11:00:19.150116-05:00,18.36,8329,18.37,9737,12.94,3093,12.95,2130
477,2020-12-03 11:00:29.170160-05:00,18.36,6935,18.37,9901,12.94,2281,12.95,3088
478,2020-12-03 11:00:36.107892-05:00,18.36,8276,18.37,9719,12.94,2281,12.95,3088
479,2020-12-03 11:00:36.107892-05:00,18.36,8276,18.37,9719,12.94,3010,12.95,2283
480,2020-12-03 11:00:49.128728-05:00,18.36,8177,18.37,9735,12.94,3082,12.95,2247
481,2020-12-03 11:00:59.164948-05:00,18.36,10168,18.37,8382,12.94,3413,12.95,1605
482,2020-12-03 11:01:09.181633-05:00,18.36,10142,18.37,8469,12.94,3384,12.95,1766
483,2020-12-03 11:01:13.188005-05:00,18.36,10142,18.37,8469,12.94,3280,12.95,1564
484,2020-12-03 11:01:19.198409-05:00,18.36,8892,18.37,9537,12.94,3280,12.95,1564
485,2020-12-03 11:01:23.205501-05:00,18.36,8892,18.37,9537,12.94,3333,12.95,1524
486,2020-12-03 11:01:29.215784-05:00,18.36,8929,18.37,9336,12.94,3333,12.95,1524
487,2020-12-03 11:01:39.232314-05:00,18.36,9122,18.37,9246,12.94,3370,12.95,1526
488,2020-12-03 11:01:49.250635-05:00,18.36,10693,18.37,6582,12.94,3405,12.95,1234
489,2020-12-03 11:01:55.260973-05:00,18.36,10299,18.37,8449,12.94,3405,12.95,1234
490,2020-12-03 11:01:56.262019-05:00,18.36,10299,18.37,8449,12.94,3397,12.95,1324
491,2020-12-03 11:02:02.022277-05:00,18.36,11091,18.37,7083,12.94,3397,12.95,1324
492,2020-12-03 11:02:02.022277-05:00,18.36,11091,18.37,7083,12.94,3478,12.95,1385
493,2020-12-03 11:02:19.300622-05:00,18.36,11614,18.37,7087,12.94,3476,12.95,1298
494,2020-12-03 11:02:29.072477-05:00,18.36,11894,18.37,5851,12.94,3544,12.95,555
495,2020-12-03 11:02:39.093935-05:00,18.36,12495,18.37,4699,12.95,3011,12.96,2102
496,2020-12-03 11:02:49.293716-05:00,18.36,12366,18.37,4782,12.95,2702,12.96,2441
497,2020-12-03 11:02:52.047163-05:00,18.36,12366,18.37,4782,12.95,3264,12.96,1791
498,2020-12-03 11:02:59.062698-05:00,18.36,12604,18.37,3283,12.95,3264,12.96,1791
499,2020-12-03 11:03:09.082858-05:00,18.37,6800,18.38,11330,12.95,3314,12.96,1564
500,2020-12-03 11:03:19.101824-05:00,18.37,8014,18.38,10542,12.95,3725,12.96,1211
501,2020-12-03 11:03:29.121982-05:00,18.37,11695,18.38,6973,12.96,2946,12.97,2141
502,2020-12-03 11:03:38.138679-05:00,18.37,10102,18.38,9185,12.96,2946,12.97,2141
503,2020-12-03 11:03:38.138679-05:00,18.37,10102,18.38,9185,12.96,2831,12.97,2466
504,2020-12-03 11:03:49.159779-05:00,18.37,8802,18.38,10429,12.96,1826,12.97,2487
505,2020-12-03 11:03:59.180292-05:00,18.37,8049,18.38,10516,12.95,3808,12.96,1607
506,2020-12-03 11:03:59.180292-05:00,18.37,8049,18.38,10516,12.95,3941,12.96,293
507,2020-12-03 11:04:09.196274-05:00,18.37,8783,18.38,10247,12.95,3941,12.96,293
508,2020-12-03 11:04:19.215757-05:00,18.37,7924,18.38,10651,12.95,3901,12.96,1052
509,2020-12-03 11:04:28.233522-05:00,18.37,6889,18.38,11048,12.95,3901,12.96,1052
510,2020-12-03 11:04:28.233522-05:00,18.37,6889,18.38,11048,12.95,3613,12.96,1280
511,2020-12-03 11:04:39.256508-05:00,18.37,6884,18.38,11050,12.95,3386,12.96,1157
512,2020-12-03 11:04:49.275010-05:00,18.37,4678,18.38,10454,12.95,3401,12.96,1171
513,2020-12-03 11:04:59.183929-05:00,18.37,5118,18.38,10754,12.95,3658,12.96,1106
514,2020-12-03 11:05:09.202717-05:00,18.37,5548,18.38,10682,12.95,3688,12.96,909
515,2020-12-03 11:05:19.223203-05:00,18.37,5976,18.38,10635,12.95,3700,12.96,1039
516,2020-12-03 11:05:29.242555-05:00,18.37,4670,18.38,10826,12.95,3242,12.96,1077
517,2020-12-03 11:05:39.261432-05:00,18.37,4620,18.38,11116,12.95,3030,12.96,1403
518,2020-12-03 11:05:49.282470-05:00,18.37,2501,18.38,5367,12.95,2504,12.96,655
519,2020-12-03 11:05:59.300675-05:00,18.37,1690,18.38,10340,12.95,1562,12.96,2242
520,2020-12-03 11:06:09.070561-05:00,18.37,5408,18.38,10044,12.95,2718,12.96,1309
521,2020-12-03 11:06:19.089252-05:00,18.37,5473,18.38,9758,12.95,2737,12.96,1178
522,2020-12-03 11:06:29.110454-05:00,18.37,5928,18.38,9708,12.95,3026,12.96,1139
523,2020-12-03 11:06:39.129817-05:00,18.37,4464,18.38,10209,12.95,2186,12.96,1923
524,2020-12-03 11:06:49.149453-05:00,18.37,3333,18.38,10260,12.95,1920,12.96,2190
525,2020-12-03 11:06:59.167599-05:00,18.37,2725,18.38,11001,12.95,1563,12.96,2304
526,2020-12-03 11:07:09.187527-05:00,18.36,12488,18.37,6212,12.95,1777,12.96,2356
527,2020-12-03 11:07:19.294319-05:00,18.36,12419,18.37,5812,12.95,1773,12.96,2401
528,2020-12-03 11:07:28.061363-05:00,18.36,12080,18.37,5856,12.95,1773,12.96,2401
529,2020-12-03 11:07:28.061363-05:00,18.36,12080,18.37,5856,12.95,1410,12.96,2459
530,2020-12-03 11:07:39.080302-05:00,18.36,12285,18.37,5814,12.95,1685,12.96,2437
531,2020-12-03 11:07:49.097618-05:00,18.36,11926,18.37,6474,12.95,664,12.96,2673
532,2020-12-03 11:07:59.117309-05:00,18.36,12015,18.37,6488,12.94,3533,12.95,1952
533,2020-12-03 11:08:08.133591-05:00,18.36,12015,18.37,6488,12.94,3734,12.95,733
534,2020-12-03 11:08:09.135730-05:00,18.36,12177,18.37,6288,12.94,3734,12.95,733
535,2020-12-03 11:08:19.155442-05:00,18.36,11910,18.37,6625,12.94,3461,12.95,1220
536,2020-12-03 11:08:29.174376-05:00,18.36,11895,18.37,6467,12.94,3461,12.95,1137
537,2020-12-03 11:08:38.192903-05:00,18.36,12147,18.37,6327,12.94,3461,12.95,1137
538,2020-12-03 11:08:38.192903-05:00,18.36,12147,18.37,6327,12.94,3521,12.95,794
539,2020-12-03 11:08:49.092056-05:00,18.36,11902,18.37,6479,12.94,3462,12.95,1229
540,2020-12-03 11:08:59.106347-05:00,18.36,12181,18.37,6307,12.94,3530,12.95,673
541,2020-12-03 11:09:09.123772-05:00,18.36,11894,18.37,6692,12.94,3438,12.95,1248
542,2020-12-03 11:09:19.141808-05:00,18.36,11902,18.37,6463,12.94,3444,12.95,1198
543,2020-12-03 11:09:29.162262-05:00,18.36,12530,18.37,6305,12.94,3534,12.95,531
544,2020-12-03 11:09:38.051107-05:00,18.36,12561,18.37,6277,12.94,3534,12.95,531
545,2020-12-03 11:09:38.051107-05:00,18.36,12561,18.37,6277,12.95,2778,12.96,2635
546,2020-12-03 11:09:48.065106-05:00,18.36,12507,18.37,6303,12.95,2778,12.96,2635
547,2020-12-03 11:09:48.065106-05:00,18.36,12507,18.37,6303,12.95,2438,12.96,2672
548,2020-12-03 11:09:59.083108-05:00,18.36,12963,18.37,5640,12.95,2596,12.96,2259
549,2020-12-03 11:10:09.102051-05:00,18.36,13562,18.37,143,12.95,3339,12.96,1514
550,2020-12-03 11:10:19.203422-05:00,18.36,13308,18.37,4462,12.95,2614,12.96,2225
551,2020-12-03 11:10:26.215525-05:00,18.36,13308,18.37,4462,12.95,2484,12.96,1684
552,2020-12-03 11:10:29.221099-05:00,18.36,12291,18.37,2794,12.95,2484,12.96,1684
553,2020-12-03 11:10:39.238341-05:00,18.36,13270,18.37,2213,12.95,3262,12.96,1465
554,2020-12-03 11:10:49.255695-05:00,18.37,8988,18.38,10647,12.95,3542,12.96,1150
555,2020-12-03 11:10:59.104321-05:00,18.37,8486,18.38,10556,12.95,3633,12.96,1094
556,2020-12-03 11:11:09.112207-05:00,18.37,8451,18.38,10529,12.95,3619,12.96,880
557,2020-12-03 11:11:19.288872-05:00,18.37,7235,18.38,10738,12.95,3264,12.96,1350
558,2020-12-03 11:11:29.155298-05:00,18.37,3445,18.38,11141,12.95,2664,12.96,2109
559,2020-12-03 11:11:39.171858-05:00,18.36,12891,18.37,5642,12.95,2441,12.96,2295
560,2020-12-03 11:11:49.064898-05:00,18.36,13461,18.37,1539,12.95,3522,12.96,1290
561,2020-12-03 11:11:59.084402-05:00,18.36,14299,18.37,2617,12.95,3264,12.96,1315
562,2020-12-03 11:12:09.104054-05:00,18.36,14859,18.37,35,12.95,3653,12.96,956
563,2020-12-03 11:12:19.124086-05:00,18.36,13457,18.37,1122,12.95,3327,12.96,1187
564,2020-12-03 11:12:29.127197-05:00,18.36,13939,18.37,1633,12.95,3331,12.96,1188
565,2020-12-03 11:12:39.141015-05:00,18.37,14207,18.38,9083,12.96,2616,12.97,2566
566,2020-12-03 11:12:49.156003-05:00,18.37,14067,18.38,9420,12.96,2389,12.97,2493
567,2020-12-03 11:12:59.173579-05:00,18.37,11931,18.38,10239,12.96,2164,12.97,2523
568,2020-12-03 11:13:09.192483-05:00,18.37,15414,18.38,5432,12.96,3162,12.97,1288
569,2020-12-03 11:13:19.210823-05:00,18.37,15381,18.38,5433,12.96,3160,12.97,1227
570,2020-12-03 11:13:29.229600-05:00,18.37,15005,18.38,5946,12.96,2796,12.97,1490
571,2020-12-03 11:13:39.249658-05:00,18.37,14186,18.38,8614,12.96,2204,12.97,2342
572,2020-12-03 11:13:49.266333-05:00,18.37,13977,18.38,9398,12.96,2131,12.97,2378
573,2020-12-03 11:13:59.254490-05:00,18.37,14873,18.38,6569,12.96,2329,12.97,1732
574,2020-12-03 11:14:08.266361-05:00,18.37,15307,18.38,5980,12.96,2329,12.97,1732
575,2020-12-03 11:14:08.266361-05:00,18.37,15307,18.38,5980,12.96,3071,12.97,1389
576,2020-12-03 11:14:19.284825-05:00,18.37,11897,18.38,131,12.96,2477,12.97,311
577,2020-12-03 11:14:29.303191-05:00,18.37,17369,18.38,164,12.97,2613,12.98,2830
578,2020-12-03 11:14:39.072375-05:00,18.38,10652,18.39,11061,12.97,2845,12.98,2173
579,2020-12-03 11:14:49.093166-05:00,18.38,9948,18.39,11509,12.97,2518,12.98,2906
580,2020-12-03 11:14:59.112651-05:00,18.38,9948,18.39,11501,12.97,2579,12.98,2866
581,2020-12-03 11:15:09.132179-05:00,18.38,4574,18.39,12023,12.97,666,12.98,3559
582,2020-12-03 11:15:19.153107-05:00,18.38,458,18.39,13568,12.96,2334,12.97,1976
583,2020-12-03 11:15:29.174322-05:00,18.37,15253,18.38,8639,12.96,2022,12.97,2871
584,2020-12-03 11:15:39.194996-05:00,18.37,15334,18.38,8298,12.96,2038,12.97,2575
585,2020-12-03 11:15:49.214155-05:00,18.37,15340,18.38,8350,12.96,2024,12.97,2572
586,2020-12-03 11:15:59.232184-05:00,18.37,15459,18.38,7828,12.96,2099,12.97,2579
587,2020-12-03 11:16:09.252239-05:00,18.37,15363,18.38,8376,12.96,2098,12.97,2615
588,2020-12-03 11:16:09.252239-05:00,18.37,15363,18.38,8376,12.96,2697,12.97,2076
589,2020-12-03 11:16:19.271056-05:00,18.37,15613,18.38,7616,12.96,2697,12.97,2076
590,2020-12-03 11:16:29.289563-05:00,18.37,15958,18.38,7040,12.96,2955,12.97,1834
591,2020-12-03 11:16:39.058553-05:00,18.37,15962,18.38,7063,12.96,2909,12.97,1883
592,2020-12-03 11:16:49.078067-05:00,18.37,15960,18.38,7028,12.96,2867,12.97,1878
593,2020-12-03 11:16:58.098241-05:00,18.37,15960,18.38,7020,12.96,2867,12.97,1878
594,2020-12-03 11:16:58.098241-05:00,18.37,15960,18.38,7020,12.96,2950,12.97,1815
595,2020-12-03 11:17:09.120297-05:00,18.37,17249,18.38,273,12.96,3513,12.97,500
596,2020-12-03 11:17:19.141403-05:00,18.37,16103,18.38,4714,12.96,2898,12.97,1354
597,2020-12-03 11:17:29.161833-05:00,18.37,16060,18.38,5899,12.96,2095,12.97,2308
598,2020-12-03 11:17:39.184080-05:00,18.37,15340,18.38,4481,12.96,1900,12.97,1580
599,2020-12-03 11:17:48.189453-05:00,18.37,15912,18.38,4789,12.96,1900,12.97,1580
600,2020-12-03 11:17:48.189453-05:00,18.37,15912,18.38,4789,12.96,2221,12.97,1864
601,2020-12-03 11:17:59.197771-05:00,18.37,16142,18.38,4749,12.96,2798,12.97,1499
602,2020-12-03 11:18:09.161625-05:00,18.37,16154,18.38,4737,12.96,2823,12.97,1442
603,2020-12-03 11:18:19.180752-05:00,18.37,16306,18.38,4671,12.96,3024,12.97,1362
604,2020-12-03 11:18:29.243716-05:00,18.37,16464,18.38,4392,12.96,3046,12.97,1274
605,2020-12-03 11:18:37.255804-05:00,18.37,16348,18.38,4654,12.96,3046,12.97,1274
606,2020-12-03 11:18:37.255804-05:00,18.37,16348,18.38,4654,12.96,2853,12.97,1363
607,2020-12-03 11:18:49.274185-05:00,18.37,16264,18.38,4734,12.96,2623,12.97,1456
608,2020-12-03 11:18:59.280152-05:00,18.37,15936,18.38,4766,12.96,2430,12.97,1745
609,2020-12-03 11:19:02.080952-05:00,18.37,15936,18.38,4766,12.96,2549,12.97,1689
610,2020-12-03 11:19:09.157100-05:00,18.37,15876,18.38,4767,12.96,2549,12.97,1689
611,2020-12-03 11:19:09.157100-05:00,18.37,15876,18.38,4767,12.96,2837,12.97,1432
612,2020-12-03 11:19:19.149096-05:00,18.37,16278,18.38,4765,12.96,2837,12.97,1432
613,2020-12-03 11:19:29.168198-05:00,18.37,15860,18.38,4813,12.96,2545,12.97,1693
614,2020-12-03 11:19:39.185209-05:00,18.37,15849,18.38,4839,12.96,2539,12.97,1739
615,2020-12-03 11:19:48.202572-05:00,18.37,15849,18.38,4854,12.96,2539,12.97,1739
616,2020-12-03 11:19:48.202572-05:00,18.37,15849,18.38,4854,12.96,2525,12.97,1741
617,2020-12-03 11:19:59.124627-05:00,18.37,15693,18.38,5956,12.96,2052,12.97,2349
618,2020-12-03 11:20:09.140262-05:00,18.37,15854,18.38,4872,12.96,2159,12.97,2149
619,2020-12-03 11:20:19.155478-05:00,18.37,16293,18.38,4879,12.96,2657,12.97,1584
620,2020-12-03 11:20:29.175032-05:00,18.37,16309,18.38,4795,12.96,2821,12.97,1402
621,2020-12-03 11:20:39.194797-05:00,18.37,15919,18.38,4838,12.96,2498,12.97,1843
622,2020-12-03 11:20:48.208523-05:00,18.37,16471,18.38,4776,12.96,2498,12.97,1843
623,2020-12-03 11:20:48.208523-05:00,18.37,16471,18.38,4776,12.96,2845,12.97,1437
624,2020-12-03 11:20:58.226918-05:00,18.37,16377,18.38,4808,12.96,2845,12.97,1437
625,2020-12-03 11:20:58.226918-05:00,18.37,16377,18.38,4808,12.96,2807,12.97,1492
626,2020-12-03 11:21:09.247378-05:00,18.37,15379,18.38,4550,12.96,2202,12.97,1485
627,2020-12-03 11:21:16.010825-05:00,18.37,15997,18.38,4850,12.96,2202,12.97,1485
628,2020-12-03 11:21:16.010825-05:00,18.37,15997,18.38,4850,12.96,2366,12.97,1800
629,2020-12-03 11:21:29.172027-05:00,18.37,15870,18.38,4862,12.96,2226,12.97,2090
630,2020-12-03 11:21:39.190889-05:00,18.37,15868,18.38,4843,12.96,2520,12.97,1779
631,2020-12-03 11:21:47.206773-05:00,18.37,15844,18.38,4892,12.96,2520,12.97,1779
632,2020-12-03 11:21:47.206773-05:00,18.37,15844,18.38,4892,12.96,2312,12.97,1815
633,2020-12-03 11:21:58.228568-05:00,18.37,15602,18.38,6090,12.96,2312,12.97,1815
634,2020-12-03 11:21:58.228568-05:00,18.37,15602,18.38,6090,12.96,1993,12.97,2388
635,2020-12-03 11:22:09.079275-05:00,18.37,15262,18.38,4579,12.96,1974,12.97,1557
636,2020-12-03 11:22:19.095022-05:00,18.37,15775,18.38,4881,12.96,2270,12.97,1811
637,2020-12-03 11:22:29.109666-05:00,18.37,16125,18.38,4910,12.96,2747,12.97,1497
638,2020-12-03 11:22:39.199402-05:00,18.37,15608,18.38,4526,12.96,2640,12.97,1107
639,2020-12-03 11:22:49.272473-05:00,18.37,16355,18.38,4541,12.96,3136,12.97,1252
640,2020-12-03 11:22:59.274046-05:00,18.37,16764,18.38,2635,12.96,3255,12.97,765
641,2020-12-03 11:23:09.080539-05:00,18.37,16905,18.38,1977,12.96,3257,12.97,638
642,2020-12-03 11:23:19.103493-05:00,18.38,9785,18.39,11619,12.97,3169,12.98,3166
643,2020-12-03 11:23:29.121878-05:00,18.38,5748,18.39,5333,12.97,2320,12.98,2279
644,2020-12-03 11:23:39.314380-05:00,18.38,6766,18.39,10189,12.97,1296,12.98,3095
645,2020-12-03 11:23:49.128538-05:00,18.38,7433,18.39,9964,12.97,1802,12.98,2855
646,2020-12-03 11:23:59.087231-05:00,18.38,9233,18.39,9211,12.97,2241,12.98,2100
647,2020-12-03 11:24:09.058399-05:00,18.38,9710,18.39,6644,12.97,2432,12.98,894
648,2020-12-03 11:24:19.093991-05:00,18.38,11471,18.39,5555,12.97,2746,12.98,864
649,2020-12-03 11:24:29.107434-05:00,18.38,10630,18.39,5017,12.97,2414,12.98,852
650,2020-12-03 11:24:38.120159-05:00,18.38,11151,18.39,6263,12.97,2414,12.98,852
651,2020-12-03 11:24:38.120159-05:00,18.38,11151,18.39,6263,12.97,2706,12.98,1131
652,2020-12-03 11:24:49.097369-05:00,18.38,11629,18.39,5552,12.97,2828,12.98,949
653,2020-12-03 11:24:59.114607-05:00,18.39,8798,18.4,9763,12.98,3504,12.99,977
654,2020-12-03 11:25:09.245303-05:00,18.4,8650,18.41,11003,13.0,2603,13.01,2356
655,2020-12-03 11:25:19.259171-05:00,18.4,3508,18.41,11314,12.99,3696,13.0,1709
656,2020-12-03 11:25:29.220266-05:00,18.4,4630,18.41,11507,12.99,3880,13.0,1579
657,2020-12-03 11:25:39.237902-05:00,18.4,5564,18.41,11404,12.99,3925,13.0,947
658,2020-12-03 11:25:49.130114-05:00,18.4,6324,18.41,11230,12.99,4478,13.0,365
659,2020-12-03 11:25:59.243104-05:00,18.4,4988,18.41,10821,12.99,3726,13.0,1045
660,2020-12-03 11:26:09.247205-05:00,18.4,10464,18.41,5016,13.0,3509,13.01,1565
661,2020-12-03 11:26:19.262230-05:00,18.4,10536,18.41,4391,13.0,4139,13.01,1025
662,2020-12-03 11:26:29.079366-05:00,18.4,10570,18.41,4866,13.0,4136,13.01,1024
663,2020-12-03 11:26:39.061141-05:00,18.4,10533,18.41,4816,13.0,4134,13.01,1035
664,2020-12-03 11:26:48.073922-05:00,18.4,6897,18.41,1028,13.0,4134,13.01,1035
665,2020-12-03 11:26:48.073922-05:00,18.4,6897,18.41,1028,13.0,3382,13.01,64
666,2020-12-03 11:26:59.091147-05:00,18.41,6810,18.42,12134,13.01,2644,13.02,2266
667,2020-12-03 11:27:09.110412-05:00,18.4,9551,18.41,11439,13.0,3036,13.01,2553
668,2020-12-03 11:27:19.129958-05:00,18.4,5467,18.41,14397,12.99,3299,13.0,575
669,2020-12-03 11:27:29.189873-05:00,18.4,4510,18.41,15138,12.99,3641,13.0,1132
670,2020-12-03 11:27:39.208046-05:00,18.4,4011,18.41,15138,12.99,3629,13.0,1136
671,2020-12-03 11:27:49.107916-05:00,18.4,5340,18.41,14941,12.99,3780,13.0,432
672,2020-12-03 11:27:59.122376-05:00,18.4,5076,18.41,14371,12.99,3535,13.0,568
673,2020-12-03 11:28:09.148023-05:00,18.4,6082,18.41,14924,12.99,4016,13.0,415
674,2020-12-03 11:28:19.158299-05:00,18.4,6528,18.41,14828,13.0,2504,13.01,3271
675,2020-12-03 11:28:29.176507-05:00,18.4,7253,18.41,13200,13.0,2350,13.01,2636
676,2020-12-03 11:28:39.310721-05:00,18.4,5876,18.41,15038,13.0,1029,13.01,3187
677,2020-12-03 11:28:49.212234-05:00,18.4,6592,18.41,14905,13.0,1685,13.01,3029
678,2020-12-03 11:28:59.230384-05:00,18.4,6662,18.41,14773,13.0,1883,13.01,3078
679,2020-12-03 11:29:09.249906-05:00,18.4,5893,18.41,14857,13.0,1621,13.01,3124
680,2020-12-03 11:29:19.270743-05:00,18.4,5820,18.41,15020,13.0,1161,13.01,3140
681,2020-12-03 11:29:29.290841-05:00,18.4,5365,18.41,15075,13.0,532,13.01,3315
682,2020-12-03 11:29:39.058107-05:00,18.4,4449,18.41,15118,12.99,3741,13.0,1798
683,2020-12-03 11:29:49.077636-05:00,18.4,4414,18.41,15079,12.99,3642,13.0,1767
684,2020-12-03 11:29:59.096762-05:00,18.4,3553,18.41,15235,12.99,3520,13.0,1946
685,2020-12-03 11:30:09.119351-05:00,18.4,4834,18.41,14755,12.99,3656,13.0,1807
686,2020-12-03 11:30:19.067756-05:00,18.39,9814,18.4,11494,12.99,1107,13.0,3038
687,2020-12-03 11:30:29.079991-05:00,18.39,9230,18.4,11851,12.99,712,13.0,3088
688,2020-12-03 11:30:39.094414-05:00,18.39,10343,18.4,9542,12.98,3609,12.99,538
689,2020-12-03 11:30:49.108570-05:00,18.39,6882,18.4,12673,12.98,2429,12.99,1606
690,2020-12-03 11:30:59.161727-05:00,18.39,8220,18.4,12695,12.98,3077,12.99,1213
691,2020-12-03 11:31:09.177342-05:00,18.39,10306,18.4,9512,12.98,3384,12.99,761
692,2020-12-03 11:31:18.189836-05:00,18.39,8406,18.4,12354,12.98,3384,12.99,761
693,2020-12-03 11:31:18.189836-05:00,18.39,8406,18.4,12354,12.98,3259,12.99,1111
694,2020-12-03 11:31:29.206488-05:00,18.39,8981,18.4,11930,12.98,3263,12.99,1133
695,2020-12-03 11:31:38.219614-05:00,18.39,8445,18.4,12399,12.98,3263,12.99,1133
696,2020-12-03 11:31:38.219614-05:00,18.39,8445,18.4,12399,12.98,3268,12.99,1146
697,2020-12-03 11:31:49.256000-05:00,18.39,6922,18.4,12583,12.98,2684,12.99,1596
698,2020-12-03 11:31:59.273067-05:00,18.39,6737,18.4,12934,12.98,2129,12.99,2180
699,2020-12-03 11:32:09.294899-05:00,18.39,5185,18.4,12967,12.98,2100,12.99,1889
700,2020-12-03 11:32:18.056664-05:00,18.39,4852,18.4,12461,12.98,2100,12.99,1889
701,2020-12-03 11:32:18.056664-05:00,18.39,4852,18.4,12461,12.98,1886,12.99,1864
702,2020-12-03 11:32:29.077488-05:00,18.39,1012,18.4,13511,12.98,519,12.99,2574
703,2020-12-03 11:32:39.117950-05:00,18.39,1011,18.4,14465,12.98,617,12.99,2538
704,2020-12-03 11:32:39.117950-05:00,18.39,1011,18.4,14465,12.98,236,12.99,2605
705,2020-12-03 11:32:49.131463-05:00,18.38,10406,18.39,9244,12.98,236,12.99,2605
706,2020-12-03 11:32:59.147347-05:00,18.38,11385,18.39,9056,12.98,306,12.99,2546
707,2020-12-03 11:33:09.165448-05:00,18.38,9023,18.39,12272,12.97,2217,12.98,2364
708,2020-12-03 11:33:19.183774-05:00,18.38,8436,18.39,12859,12.97,2094,12.98,2654
709,2020-12-03 11:33:28.199937-05:00,18.38,9576,18.39,12218,12.97,2094,12.98,2654
710,2020-12-03 11:33:28.199937-05:00,18.38,9576,18.39,12218,12.97,2199,12.98,2578
711,2020-12-03 11:33:36.210393-05:00,18.38,9097,18.39,11602,12.97,2199,12.98,2578
712,2020-12-03 11:33:36.210393-05:00,18.38,9097,18.39,11602,12.97,1921,12.98,2079
713,2020-12-03 11:33:47.224830-05:00,18.38,9576,18.39,12193,12.97,1921,12.98,2079
714,2020-12-03 11:33:47.224830-05:00,18.38,9576,18.39,12193,12.97,2175,12.98,2568
715,2020-12-03 11:33:59.243001-05:00,18.38,10364,18.39,10861,12.97,2649,12.98,2085
716,2020-12-03 11:34:09.258284-05:00,18.38,9546,18.39,12291,12.97,2190,12.98,2632
717,2020-12-03 11:34:09.258284-05:00,18.38,9546,18.39,12291,12.97,2817,12.98,2124
718,2020-12-03 11:34:19.277478-05:00,18.38,10383,18.39,9372,12.97,2817,12.98,2124
719,2020-12-03 11:34:29.046309-05:00,18.38,10388,18.39,9325,12.97,2798,12.98,1994
720,2020-12-03 11:34:36.057839-05:00,18.38,10388,18.39,9325,12.97,2174,12.98,2454
721,2020-12-03 11:34:39.169338-05:00,18.38,8467,18.39,11753,12.97,2174,12.98,2454
722,2020-12-03 11:34:48.182443-05:00,18.38,8258,18.39,12295,12.97,2174,12.98,2454
723,2020-12-03 11:34:48.182443-05:00,18.38,8258,18.39,12295,12.97,1994,12.98,2849
724,2020-12-03 11:34:59.200367-05:00,18.38,8319,18.39,12258,12.97,2040,12.98,2884
725,2020-12-03 11:35:09.216211-05:00,18.38,8539,18.39,11380,12.97,2096,12.98,2493
726,2020-12-03 11:35:19.233515-05:00,18.38,9593,18.39,11373,12.97,2178,12.98,2492
727,2020-12-03 11:35:29.100338-05:00,18.38,7203,18.39,12029,12.97,1349,12.98,2947
728,2020-12-03 11:35:39.116986-05:00,18.38,7247,18.39,12004,12.97,1448,12.98,2944
729,2020-12-03 11:35:49.134506-05:00,18.38,7200,18.39,12060,12.97,1393,12.98,2937
730,2020-12-03 11:35:58.149172-05:00,18.38,7194,18.39,12077,12.97,1393,12.98,2937
731,2020-12-03 11:35:58.149172-05:00,18.38,7194,18.39,12077,12.97,1355,12.98,2940
732,2020-12-03 11:36:08.167667-05:00,18.38,6485,18.39,12197,12.97,1355,12.98,2940
733,2020-12-03 11:36:08.167667-05:00,18.38,6485,18.39,12197,12.97,519,12.98,3116
734,2020-12-03 11:36:19.186675-05:00,18.38,4037,18.39,12742,12.96,3152,12.97,1724
735,2020-12-03 11:36:29.203255-05:00,18.38,3095,18.39,12885,12.96,2942,12.97,1707
736,2020-12-03 11:36:39.217888-05:00,18.38,3100,18.39,12831,12.96,3010,12.97,1601
737,2020-12-03 11:36:49.232383-05:00,18.38,3381,18.39,12647,12.96,3096,12.97,1335
738,2020-12-03 11:36:59.048630-05:00,18.38,2101,18.39,12719,12.96,2957,12.97,1380
739,2020-12-03 11:37:09.063766-05:00,18.38,2100,18.39,12440,12.96,2955,12.97,1417
740,2020-12-03 11:37:19.080558-05:00,18.38,2100,18.39,12501,12.96,2955,12.97,1477
741,2020-12-03 11:37:29.097971-05:00,18.37,12891,18.38,7780,12.96,1863,12.97,2025
742,2020-12-03 11:37:39.117967-05:00,18.37,10330,18.38,11245,12.96,940,12.97,2679
743,2020-12-03 11:37:49.208557-05:00,18.37,7646,18.38,11393,12.95,2840,12.96,2161
744,2020-12-03 11:37:59.226271-05:00,18.37,10272,18.38,10765,12.95,2918,12.96,940
745,2020-12-03 11:38:09.241560-05:00,18.37,12344,18.38,7529,12.96,2856,12.97,2731
746,2020-12-03 11:38:19.258746-05:00,18.37,12269,18.38,7744,12.96,2787,12.97,2652
747,2020-12-03 11:38:29.275842-05:00,18.37,12260,18.38,7738,12.96,2800,12.97,2647
748,2020-12-03 11:38:36.036701-05:00,18.37,10298,18.38,10740,12.96,2800,12.97,2647
749,2020-12-03 11:38:36.036701-05:00,18.37,10298,18.38,10740,12.96,1468,12.97,2884
750,2020-12-03 11:38:47.056081-05:00,18.37,8985,18.38,11287,12.96,1468,12.97,2884
751,2020-12-03 11:38:47.056081-05:00,18.37,8985,18.38,11287,12.96,680,12.97,2927
752,2020-12-03 11:38:59.078522-05:00,18.37,10270,18.38,10701,12.96,1525,12.97,2789
753,2020-12-03 11:39:09.098086-05:00,18.37,11119,18.38,7972,12.96,1825,12.97,2651
754,2020-12-03 11:39:19.218013-05:00,18.37,10312,18.38,10929,12.96,1452,12.97,2793
755,2020-12-03 11:39:29.233004-05:00,18.37,10790,18.38,10929,12.96,1412,12.97,2898
756,2020-12-03 11:39:39.247355-05:00,18.37,11133,18.38,8990,12.96,1805,12.97,2835
757,2020-12-03 11:39:48.011063-05:00,18.37,12262,18.38,7833,12.96,1805,12.97,2835
758,2020-12-03 11:39:48.011063-05:00,18.37,12262,18.38,7833,12.96,1905,12.97,2758
759,2020-12-03 11:39:59.279764-05:00,18.37,12230,18.38,8441,12.96,1888,12.97,2828
760,2020-12-03 11:40:09.046977-05:00,18.37,12228,18.38,8578,12.96,1888,12.97,2825
761,2020-12-03 11:40:19.065486-05:00,18.37,12168,18.38,8569,12.96,1790,12.97,2777
762,2020-12-03 11:40:19.065486-05:00,18.37,12168,18.38,8569,12.96,1888,12.97,2774
763,2020-12-03 11:40:29.084924-05:00,18.37,12207,18.38,8589,12.96,1888,12.97,2774
764,2020-12-03 11:40:39.104449-05:00,18.37,12175,18.38,8885,12.96,1833,12.97,2786
765,2020-12-03 11:40:49.066578-05:00,18.37,10832,18.38,10931,12.96,1483,12.97,2863
766,2020-12-03 11:40:59.084685-05:00,18.37,11415,18.38,7979,12.96,1907,12.97,2654
767,2020-12-03 11:41:09.102325-05:00,18.37,10261,18.38,10977,12.96,1036,12.97,2920
768,2020-12-03 11:41:18.120390-05:00,18.37,8936,18.38,11539,12.96,1036,12.97,2920
769,2020-12-03 11:41:18.120390-05:00,18.37,8936,18.38,11539,12.96,422,12.97,2969
770,2020-12-03 11:41:29.139895-05:00,18.37,9034,18.38,11585,12.95,2919,12.96,1843
771,2020-12-03 11:41:39.157427-05:00,18.37,8794,18.38,10941,12.95,2552,12.96,1724
772,2020-12-03 11:41:49.174832-05:00,18.37,8984,18.38,11539,12.95,2866,12.96,1949
773,2020-12-03 11:41:58.192796-05:00,18.37,9048,18.38,11514,12.95,2866,12.96,1949
774,2020-12-03 11:41:58.192796-05:00,18.37,9048,18.38,11514,12.95,2898,12.96,1459
775,2020-12-03 11:42:08.210841-05:00,18.37,10369,18.38,10967,12.95,2898,12.96,1459
776,2020-12-03 11:42:08.210841-05:00,18.37,10369,18.38,10967,12.95,3065,12.96,1057
777,2020-12-03 11:42:19.048004-05:00,18.37,10349,18.38,11034,12.95,3031,12.96,1204
778,2020-12-03 11:42:29.196714-05:00,18.37,9050,18.38,11604,12.95,2915,12.96,1442
779,2020-12-03 11:42:38.061989-05:00,18.37,8538,18.38,11681,12.95,2915,12.96,1442
780,2020-12-03 11:42:38.061989-05:00,18.37,8538,18.38,11681,12.95,2898,12.96,1446
781,2020-12-03 11:42:38.061989-05:00,18.37,8538,18.38,11681,12.95,2675,12.96,1468
782,2020-12-03 11:42:49.079319-05:00,18.37,7931,18.38,11688,12.95,2675,12.96,1468
783,2020-12-03 11:42:59.080026-05:00,18.37,7996,18.38,11715,12.95,2652,12.96,1520
784,2020-12-03 11:43:09.098102-05:00,18.37,7724,18.38,11710,12.95,2842,12.96,1521
785,2020-12-03 11:43:18.229303-05:00,18.37,7542,18.38,11722,12.95,2842,12.96,1521
786,2020-12-03 11:43:18.229303-05:00,18.37,7542,18.38,11722,12.95,2802,12.96,1512
787,2020-12-03 11:43:29.219657-05:00,18.37,9293,18.38,11106,12.95,3017,12.96,1227
788,2020-12-03 11:43:39.380794-05:00,18.37,8585,18.38,11725,12.95,2872,12.96,1468
789,2020-12-03 11:43:49.261538-05:00,18.37,9106,18.38,11656,12.95,2895,12.96,1435
790,2020-12-03 11:43:56.026630-05:00,18.37,9305,18.38,11099,12.95,2895,12.96,1435
791,2020-12-03 11:43:59.031074-05:00,18.37,9305,18.38,11099,12.95,3019,12.96,1133
792,2020-12-03 11:44:09.052033-05:00,18.37,11214,18.38,9097,12.95,3043,12.96,641
793,2020-12-03 11:44:19.136650-05:00,18.37,11648,18.38,7690,12.95,3360,12.96,78
794,2020-12-03 11:44:21.141399-05:00,18.37,11648,18.38,7690,12.95,3147,12.96,514
795,2020-12-03 11:44:29.126617-05:00,18.37,11515,18.38,8574,12.95,3147,12.96,514
796,2020-12-03 11:44:39.079015-05:00,18.37,10440,18.38,10794,12.95,3141,12.96,838
797,2020-12-03 11:44:49.100093-05:00,18.37,10377,18.38,10951,12.95,3004,12.96,892
798,2020-12-03 11:44:57.119106-05:00,18.37,10383,18.38,10971,12.95,3004,12.96,892
799,2020-12-03 11:44:58.120395-05:00,18.37,10383,18.38,10971,12.95,3057,12.96,838
800,2020-12-03 11:45:09.145678-05:00,18.37,11445,18.38,8756,12.95,3081,12.96,563
801,2020-12-03 11:45:19.166332-05:00,18.37,9104,18.38,11531,12.95,2927,12.96,1125
802,2020-12-03 11:45:28.264183-05:00,18.37,7971,18.38,11569,12.95,2927,12.96,1125
803,2020-12-03 11:45:28.264183-05:00,18.37,7971,18.38,11569,12.95,2623,12.96,1302
804,2020-12-03 11:45:38.029880-05:00,18.37,8493,18.38,11524,12.95,2623,12.96,1302
805,2020-12-03 11:45:38.029880-05:00,18.37,8493,18.38,11524,12.95,2915,12.96,1238
806,2020-12-03 11:45:48.046253-05:00,18.37,9211,18.38,11492,12.95,2915,12.96,1238
807,2020-12-03 11:45:48.046253-05:00,18.37,9211,18.38,11492,12.95,3049,12.96,954
808,2020-12-03 11:45:59.065000-05:00,18.37,10256,18.38,10959,12.95,3046,12.96,914
809,2020-12-03 11:46:09.284865-05:00,18.37,4765,18.38,7734,12.95,2300,12.96,545
810,2020-12-03 11:46:09.284865-05:00,18.37,4765,18.38,7734,12.95,2100,12.96,822
811,2020-12-03 11:46:19.055630-05:00,18.37,3837,18.38,7881,12.95,2100,12.96,822
812,2020-12-03 11:46:29.074940-05:00,18.37,6022,18.38,12736,12.95,2088,12.96,1958
813,2020-12-03 11:46:39.095435-05:00,18.37,6331,18.38,12433,12.95,2562,12.96,1275
814,2020-12-03 11:46:47.028484-05:00,18.37,6868,18.38,12378,12.95,2562,12.96,1275
815,2020-12-03 11:46:47.028484-05:00,18.37,6868,18.38,12378,12.95,2765,12.96,1273
816,2020-12-03 11:46:59.291850-05:00,18.37,3679,18.38,7271,12.95,1828,12.96,538
817,2020-12-03 11:46:59.291850-05:00,18.37,3679,18.38,7271,12.95,2023,12.96,879
818,2020-12-03 11:47:09.060660-05:00,18.37,3220,18.38,8083,12.95,2023,12.96,879
819,2020-12-03 11:47:19.078261-05:00,18.37,8065,18.38,12394,12.95,2735,12.96,1246
820,2020-12-03 11:47:26.002903-05:00,18.37,8100,18.38,12330,12.95,2735,12.96,1246
821,2020-12-03 11:47:26.002903-05:00,18.37,8100,18.38,12330,12.95,2729,12.96,1252
822,2020-12-03 11:47:38.252671-05:00,18.37,8102,18.38,12399,12.95,2727,12.96,1260
823,2020-12-03 11:47:49.273030-05:00,18.37,7801,18.38,11758,12.95,2444,12.96,1048
824,2020-12-03 11:47:52.027672-05:00,18.37,7801,18.38,11758,12.95,2545,12.96,1277
825,2020-12-03 11:47:59.041438-05:00,18.37,6937,18.38,12448,12.95,2545,12.96,1277
826,2020-12-03 11:48:09.065994-05:00,18.37,6566,18.38,12841,12.95,1996,12.96,1973
827,2020-12-03 11:48:18.084770-05:00,18.37,6604,18.38,12916,12.95,1996,12.96,1973
828,2020-12-03 11:48:18.084770-05:00,18.37,6604,18.38,12916,12.95,2085,12.96,1987
829,2020-12-03 11:48:28.059981-05:00,18.37,5827,18.38,12913,12.95,1919,12.96,2064
830,2020-12-03 11:48:39.077709-05:00,18.37,5941,18.38,12839,12.95,2068,12.96,1740
831,2020-12-03 11:48:49.095931-05:00,18.37,5899,18.38,12841,12.95,2078,12.96,1571
832,2020-12-03 11:48:52.102148-05:00,18.37,5899,18.38,12841,12.95,2146,12.96,1510
833,2020-12-03 11:48:59.117475-05:00,18.37,6213,18.38,12577,12.95,2146,12.96,1510
834,2020-12-03 11:49:09.232860-05:00,18.37,5882,18.38,12825,12.95,2039,12.96,1955
835,2020-12-03 11:49:19.252135-05:00,18.37,5481,18.38,12954,12.95,1879,12.96,2136
836,2020-12-03 11:49:29.272346-05:00,18.37,5514,18.38,12961,12.95,1900,12.96,2136
837,2020-12-03 11:49:29.272346-05:00,18.37,5514,18.38,12961,12.95,1908,12.96,2061
838,2020-12-03 11:49:39.045590-05:00,18.37,5481,18.38,12959,12.95,1908,12.96,2061
839,2020-12-03 11:49:39.045590-05:00,18.37,5481,18.38,12959,12.95,1917,12.96,2058
840,2020-12-03 11:49:49.111688-05:00,18.37,5488,18.38,12513,12.95,1917,12.96,2058
841,2020-12-03 11:49:52.116519-05:00,18.37,5488,18.38,12513,12.95,2715,12.96,1244
842,2020-12-03 11:49:59.127889-05:00,18.37,6308,18.38,12466,12.95,2715,12.96,1244
843,2020-12-03 11:49:59.127889-05:00,18.37,6308,18.38,12466,12.95,2685,12.96,1249
844,2020-12-03 11:50:09.148766-05:00,18.37,7438,18.38,12464,12.95,2685,12.96,1249
845,2020-12-03 11:50:09.148766-05:00,18.37,7438,18.38,12464,12.95,2693,12.96,1249
846,2020-12-03 11:50:19.168934-05:00,18.37,7438,18.38,12466,12.95,2693,12.96,1249
847,2020-12-03 11:50:29.192499-05:00,18.37,7439,18.38,12507,12.95,2676,12.96,1249
848,2020-12-03 11:50:38.209617-05:00,18.37,8770,18.38,11892,12.95,2676,12.96,1249
849,2020-12-03 11:50:39.211894-05:00,18.37,8770,18.38,11892,12.95,2839,12.96,815
850,2020-12-03 11:50:49.232358-05:00,18.37,8750,18.38,11892,12.95,2763,12.96,815
851,2020-12-03 11:50:59.252481-05:00,18.37,8739,18.38,11891,12.95,2785,12.96,959
852,2020-12-03 11:51:09.273047-05:00,18.37,7430,18.38,12503,12.95,2670,12.96,1249
853,2020-12-03 11:51:19.200082-05:00,18.37,6878,18.38,12532,12.95,2524,12.96,1233
854,2020-12-03 11:51:26.211888-05:00,18.37,6878,18.38,12532,12.95,2456,12.96,1282
855,2020-12-03 11:51:29.217254-05:00,18.37,6599,18.38,12562,12.95,2456,12.96,1282
856,2020-12-03 11:51:39.234026-05:00,18.37,6955,18.38,12464,12.95,2498,12.96,1256
857,2020-12-03 11:51:47.251785-05:00,18.37,8748,18.38,11909,12.95,2498,12.96,1256
858,2020-12-03 11:51:47.251785-05:00,18.37,8748,18.38,11909,12.95,2945,12.96,858
859,2020-12-03 11:51:59.277995-05:00,18.37,8797,18.38,11735,12.95,2866,12.96,752
860,2020-12-03 11:52:07.044112-05:00,18.37,7046,18.38,12370,12.95,2866,12.96,752
861,2020-12-03 11:52:07.044112-05:00,18.37,7046,18.38,12370,12.95,2732,12.96,1155
862,2020-12-03 11:52:19.064446-05:00,18.37,7503,18.38,12359,12.95,2735,12.96,1156
863,2020-12-03 11:52:26.078310-05:00,18.37,7503,18.38,12359,12.95,2732,12.96,1157
864,2020-12-03 11:52:29.084288-05:00,18.37,7455,18.38,12359,12.95,2732,12.96,1157
865,2020-12-03 11:52:33.094283-05:00,18.37,7503,18.38,12359,12.95,2732,12.96,1157
866,2020-12-03 11:52:33.094283-05:00,18.37,7503,18.38,12359,12.95,2735,12.96,1156
867,2020-12-03 11:52:48.072204-05:00,18.37,8745,18.38,11726,12.95,2735,12.96,1156
868,2020-12-03 11:52:48.072204-05:00,18.37,8745,18.38,11726,12.95,2890,12.96,740
869,2020-12-03 11:52:58.092440-05:00,18.37,7503,18.38,12352,12.95,2890,12.96,740
870,2020-12-03 11:52:58.092440-05:00,18.37,7503,18.38,12352,12.95,2738,12.96,1148
871,2020-12-03 11:53:07.078011-05:00,18.37,7503,18.38,12339,12.95,2738,12.96,1148
872,2020-12-03 11:53:08.079944-05:00,18.37,7503,18.38,12339,12.95,2738,12.96,1147
873,2020-12-03 11:53:18.101007-05:00,18.37,7505,18.38,12339,12.95,2738,12.96,1147
874,2020-12-03 11:53:18.101007-05:00,18.37,7505,18.38,12339,12.95,2741,12.96,1147
875,2020-12-03 11:53:28.122298-05:00,18.37,7513,18.38,12339,12.95,2734,12.96,1148
876,2020-12-03 11:53:38.070769-05:00,18.37,7481,18.38,12367,12.95,2734,12.96,1148
877,2020-12-03 11:53:38.070769-05:00,18.37,7481,18.38,12367,12.95,2732,12.96,1161
878,2020-12-03 11:53:45.082670-05:00,18.37,8743,18.38,11767,12.95,2732,12.96,1161
879,2020-12-03 11:53:45.082670-05:00,18.37,8743,18.38,11767,12.95,2862,12.96,694
880,2020-12-03 11:53:57.107747-05:00,18.37,8723,18.38,11742,12.95,2862,12.96,694
881,2020-12-03 11:53:57.107747-05:00,18.37,8723,18.38,11742,12.95,2864,12.96,766
882,2020-12-03 11:54:09.133366-05:00,18.37,9603,18.38,9327,12.95,2885,12.96,350
883,2020-12-03 11:54:19.153562-05:00,18.37,10669,18.38,9336,12.96,2430,12.97,2490
884,2020-12-03 11:54:29.090192-05:00,18.37,8809,18.38,11778,12.96,1480,12.97,2647
885,2020-12-03 11:54:29.090192-05:00,18.37,8809,18.38,11778,12.96,1322,12.97,2596
886,2020-12-03 11:54:48.120943-05:00,18.37,8820,18.38,11778,12.96,1322,12.97,2596
887,2020-12-03 11:54:48.120943-05:00,18.37,8820,18.38,11778,12.96,1313,12.97,2597
888,2020-12-03 11:54:58.136449-05:00,18.37,8808,18.38,11778,12.96,1313,12.97,2597
889,2020-12-03 11:54:58.136449-05:00,18.37,8808,18.38,11778,12.96,1178,12.97,2610
890,2020-12-03 11:55:07.151697-05:00,18.37,7462,18.38,12377,12.96,1178,12.97,2610
891,2020-12-03 11:55:07.151697-05:00,18.37,7462,18.38,12377,12.95,2971,12.96,2003
892,2020-12-03 11:55:19.171898-05:00,18.37,7689,18.38,11855,12.95,3038,12.96,1703
893,2020-12-03 11:55:26.185114-05:00,18.37,7689,18.38,11855,12.95,3174,12.96,474
894,2020-12-03 11:55:29.189332-05:00,18.37,9584,18.38,9432,12.95,3174,12.96,474
895,2020-12-03 11:55:36.199767-05:00,18.37,9552,18.38,9281,12.95,3174,12.96,474
896,2020-12-03 11:55:36.199767-05:00,18.37,9552,18.38,9281,12.95,3284,12.96,445
897,2020-12-03 11:55:49.224709-05:00,18.37,10682,18.38,9153,12.96,2472,12.97,2477
898,2020-12-03 11:55:55.236995-05:00,18.37,10703,18.38,8706,12.96,2472,12.97,2477
899,2020-12-03 11:55:56.238751-05:00,18.37,10703,18.38,8706,12.96,2466,12.97,2474
900,2020-12-03 11:56:09.044700-05:00,18.37,9597,18.38,9376,12.96,2351,12.97,2701
901,2020-12-03 11:56:18.064871-05:00,18.37,9593,18.38,9340,12.96,2351,12.97,2701
902,2020-12-03 11:56:18.064871-05:00,18.37,9593,18.38,9340,12.96,2351,12.97,2666
903,2020-12-03 11:56:29.085172-05:00,18.37,8277,18.38,11732,12.96,1878,12.97,2724
904,2020-12-03 11:56:38.105358-05:00,18.37,8799,18.38,11739,12.96,1878,12.97,2724
905,2020-12-03 11:56:38.105358-05:00,18.37,8799,18.38,11739,12.96,2053,12.97,2625
906,2020-12-03 11:56:49.128644-05:00,18.37,7537,18.38,12350,12.96,1043,12.97,2776
907,2020-12-03 11:56:59.149938-05:00,18.37,2137,18.38,13209,12.95,2032,12.96,2994
908,2020-12-03 11:57:09.170055-05:00,18.36,11330,18.37,8790,12.94,3497,12.95,1695
909,2020-12-03 11:57:19.193778-05:00,18.36,11775,18.37,7281,12.95,2166,12.96,2957
910,2020-12-03 11:57:28.213535-05:00,18.36,12021,18.37,7288,12.95,2166,12.96,2957
911,2020-12-03 11:57:28.213535-05:00,18.36,12021,18.37,7288,12.95,2251,12.96,2811
912,2020-12-03 11:57:39.236684-05:00,18.36,11881,18.37,7302,12.95,2174,12.96,2857
913,2020-12-03 11:57:48.005580-05:00,18.36,11200,18.37,7108,12.95,2174,12.96,2857
914,2020-12-03 11:57:48.005580-05:00,18.36,11200,18.37,7108,12.95,1708,12.96,2637
915,2020-12-03 11:57:59.028365-05:00,18.36,11364,18.37,7621,12.95,801,12.96,2924
916,2020-12-03 11:58:09.102503-05:00,18.36,11645,18.37,7424,12.95,1451,12.96,2909
917,2020-12-03 11:58:16.114827-05:00,18.36,11572,18.37,7432,12.95,1451,12.96,2909
918,2020-12-03 11:58:16.114827-05:00,18.36,11572,18.37,7432,12.95,1423,12.96,2909
919,2020-12-03 11:58:29.077366-05:00,18.36,12186,18.37,6509,12.95,1879,12.96,2430
920,2020-12-03 11:58:39.160709-05:00,18.36,12220,18.37,5287,12.95,2157,12.96,2217
921,2020-12-03 11:58:48.005312-05:00,18.36,12248,18.37,4592,12.95,1965,12.96,2369
922,2020-12-03 11:58:59.199395-05:00,18.36,12399,18.37,3385,12.95,2651,12.96,1960
923,2020-12-03 11:59:08.217238-05:00,18.36,12387,18.37,3252,12.95,2651,12.96,1960
924,2020-12-03 11:59:08.217238-05:00,18.36,12387,18.37,3252,12.95,2632,12.96,1930
925,2020-12-03 11:59:19.074411-05:00,18.36,12382,18.37,3197,12.95,2640,12.96,1933
926,2020-12-03 11:59:29.089654-05:00,18.36,12894,18.37,2170,12.95,2753,12.96,1525
927,2020-12-03 11:59:38.070454-05:00,18.37,10698,18.38,11423,12.95,2753,12.96,1525
928,2020-12-03 11:59:38.070454-05:00,18.37,10698,18.38,11423,12.95,3052,12.96,808
929,2020-12-03 11:59:48.086352-05:00,18.37,10689,18.38,11435,12.95,3081,12.96,720
930,2020-12-03 11:59:58.104016-05:00,18.37,10118,18.38,11606,12.95,3081,12.96,720
931,2020-12-03 11:59:58.104016-05:00,18.37,10118,18.38,11606,12.95,2922,12.96,1122
932,2020-12-03 12:00:09.127712-05:00,18.37,10339,18.38,11762,12.95,3044,12.96,844
933,2020-12-03 12:00:18.092028-05:00,18.37,10367,18.38,11525,12.95,3044,12.96,844
934,2020-12-03 12:00:18.092028-05:00,18.37,10367,18.38,11525,12.95,3044,12.96,463
935,2020-12-03 12:00:29.111716-05:00,18.37,10158,18.38,11696,12.95,2927,12.96,1061
936,2020-12-03 12:00:38.129256-05:00,18.37,10353,18.38,11645,12.95,3051,12.96,793
937,2020-12-03 12:00:49.153090-05:00,18.37,10364,18.38,11645,12.95,3040,12.96,787
938,2020-12-03 12:00:59.172230-05:00,18.37,10354,18.38,11633,12.95,3047,12.96,743
939,2020-12-03 12:01:09.176957-05:00,18.37,11035,18.38,10160,12.95,3101,12.96,382
940,2020-12-03 12:01:19.195801-05:00,18.37,11188,18.38,11289,12.95,3160,12.96,230
941,2020-12-03 12:01:29.211441-05:00,18.37,8828,18.38,5830,12.95,2557,12.96,198
942,2020-12-03 12:01:29.211441-05:00,18.37,8828,18.38,5830,12.95,3075,12.96,651
943,2020-12-03 12:01:39.230827-05:00,18.37,10407,18.38,10831,12.95,3075,12.96,651
944,2020-12-03 12:01:49.253212-05:00,18.37,10641,18.38,10295,12.95,3184,12.96,519
945,2020-12-03 12:01:59.063891-05:00,18.37,13686,18.38,7079,12.96,2636,12.97,2071
946,2020-12-03 12:02:09.153977-05:00,18.37,13805,18.38,6429,12.96,3412,12.97,1700
947,2020-12-03 12:02:19.170819-05:00,18.37,13700,18.38,5288,12.96,3588,12.97,935
948,2020-12-03 12:02:29.187672-05:00,18.37,14283,18.38,5339,12.96,3898,12.97,1157
949,2020-12-03 12:02:39.219669-05:00,18.37,14421,18.38,5544,12.96,3893,12.97,1128
950,2020-12-03 12:02:48.233910-05:00,18.37,14261,18.38,5864,12.96,3893,12.97,1128
951,2020-12-03 12:02:48.233910-05:00,18.37,14261,18.38,5864,12.96,3757,12.97,1221
952,2020-12-03 12:02:58.002654-05:00,18.37,14261,18.38,5864,12.96,4051,12.97,242
953,2020-12-03 12:02:59.255552-05:00,18.37,15447,18.38,733,12.96,4051,12.97,242
954,2020-12-03 12:03:09.026929-05:00,18.38,6849,18.39,13236,12.97,2743,12.98,2490
955,2020-12-03 12:03:19.242717-05:00,18.38,5756,18.39,13563,12.97,2197,12.98,2504
956,2020-12-03 12:03:29.201073-05:00,18.38,3094,18.39,13578,12.97,813,12.98,2666
957,2020-12-03 12:03:39.552126-05:00,18.38,2186,18.39,13701,12.97,610,12.98,2855
958,2020-12-03 12:03:49.244011-05:00,18.37,15032,18.38,9175,12.96,3797,12.97,2262
959,2020-12-03 12:03:59.264686-05:00,18.37,14597,18.38,7266,12.96,3705,12.97,1569
960,2020-12-03 12:04:09.036166-05:00,18.37,15256,18.38,7253,12.96,4024,12.97,1619
961,2020-12-03 12:04:19.056360-05:00,18.37,15173,18.38,8126,12.96,3939,12.97,1894
962,2020-12-03 12:04:29.077196-05:00,18.37,14963,18.38,8149,12.96,3832,12.97,1964
963,2020-12-03 12:04:38.096455-05:00,18.37,15118,18.38,6263,12.96,3929,12.97,1923
964,2020-12-03 12:04:49.120083-05:00,18.37,15013,18.38,6221,12.96,3922,12.97,1887
965,2020-12-03 12:04:51.123587-05:00,18.37,15013,18.38,6221,12.96,3923,12.97,1904
966,2020-12-03 12:04:59.142847-05:00,18.37,15018,18.38,5957,12.96,3923,12.97,1904
967,2020-12-03 12:05:09.159333-05:00,18.37,14948,18.38,5959,12.96,3922,12.97,1926
968,2020-12-03 12:05:19.175514-05:00,18.37,15651,18.38,1820,12.96,4328,12.97,61
969,2020-12-03 12:05:29.192989-05:00,18.38,10785,18.39,12924,12.97,2850,12.98,2356
970,2020-12-03 12:05:38.207564-05:00,18.38,10792,18.39,12836,12.97,2850,12.98,2356
971,2020-12-03 12:05:38.207564-05:00,18.38,10792,18.39,12836,12.97,2866,12.98,1951
972,2020-12-03 12:05:48.107613-05:00,18.38,10752,18.39,12850,12.97,2866,12.98,1951
973,2020-12-03 12:05:48.107613-05:00,18.38,10752,18.39,12850,12.97,2870,12.98,2001
974,2020-12-03 12:05:48.107613-05:00,18.38,10752,18.39,12850,12.97,2610,12.98,2468
975,2020-12-03 12:05:59.133926-05:00,18.38,10006,18.39,12970,12.97,2610,12.98,2468
976,2020-12-03 12:06:09.152425-05:00,18.38,10141,18.39,12961,12.97,2683,12.98,2348
977,2020-12-03 12:06:19.172410-05:00,18.38,10782,18.39,12834,12.97,3094,12.98,1652
978,2020-12-03 12:06:29.194540-05:00,18.38,12624,18.39,10443,12.97,3010,12.98,1157
979,2020-12-03 12:06:39.046883-05:00,18.38,10805,18.39,13140,12.97,3092,12.98,1538
980,2020-12-03 12:06:49.069117-05:00,18.38,11019,18.39,12659,12.97,3333,12.98,1436
981,2020-12-03 12:06:59.091777-05:00,18.38,10404,18.39,12158,12.97,2828,12.98,1266
982,2020-12-03 12:07:09.112573-05:00,18.38,10045,18.39,13332,12.97,2622,12.98,2322
983,2020-12-03 12:07:09.112573-05:00,18.38,10045,18.39,13332,12.97,2622,12.98,2353
984,2020-12-03 12:07:19.135733-05:00,18.38,10037,18.39,13341,12.97,2622,12.98,2353
985,2020-12-03 12:07:27.028090-05:00,18.38,10273,18.39,13333,12.97,2622,12.98,2353
986,2020-12-03 12:07:27.028090-05:00,18.38,10273,18.39,13333,12.97,2720,12.98,2005
987,2020-12-03 12:07:39.053045-05:00,18.38,11004,18.39,12672,12.97,3193,12.98,1517
988,2020-12-03 12:07:48.072732-05:00,18.38,10037,18.39,13376,12.97,3193,12.98,1517
989,2020-12-03 12:07:48.072732-05:00,18.38,10037,18.39,13376,12.97,2621,12.98,2393
990,2020-12-03 12:07:59.087180-05:00,18.38,8729,18.39,13763,12.97,2145,12.98,2496
991,2020-12-03 12:08:09.110114-05:00,18.38,2052,18.39,14422,12.96,3924,12.97,2293
992,2020-12-03 12:08:19.129454-05:00,18.38,3239,18.39,13744,12.96,3941,12.97,2020
993,2020-12-03 12:08:29.151054-05:00,18.37,13719,18.38,8938,12.96,3269,12.97,2503
994,2020-12-03 12:08:39.170947-05:00,18.37,14998,18.38,8848,12.96,3647,12.97,2193
995,2020-12-03 12:08:49.193049-05:00,18.37,14827,18.38,8879,12.96,3518,12.97,2185
996,2020-12-03 12:08:59.242479-05:00,18.37,15400,18.38,7773,12.96,3816,12.97,1899
997,2020-12-03 12:09:09.257082-05:00,18.37,14904,18.38,8473,12.96,3804,12.97,2038
998,2020-12-03 12:09:19.026716-05:00,18.37,14904,18.38,8519,12.96,3805,12.97,2048
999,2020-12-03 12:09:29.048279-05:00,18.37,14974,18.38,8443,12.96,3780,12.97,2029
1000,2020-12-03 12:09:39.069150-05:00,18.37,15435,18.38,7345,12.96,3809,12.97,1604
1001,2020-12-03 12:09:49.140637-05:00,18.37,16214,18.38,2015,12.96,4150,12.97,390
1002,2020-12-03 12:09:59.162918-05:00,18.38,6418,18.39,12128,12.96,4566,12.97,90
1003,2020-12-03 12:10:09.183199-05:00,18.38,6460,18.39,13312,12.97,2174,12.98,2544
1004,2020-12-03 12:10:19.203520-05:00,18.38,6076,18.39,13263,12.97,1656,12.98,2578
1005,2020-12-03 12:10:28.223200-05:00,18.38,6358,18.39,12980,12.97,1656,12.98,2578
1006,2020-12-03 12:10:28.223200-05:00,18.38,6358,18.39,12980,12.97,1935,12.98,2404
1007,2020-12-03 12:10:39.245303-05:00,18.38,6183,18.39,13020,12.97,1868,12.98,2408
1008,2020-12-03 12:10:49.268012-05:00,18.38,3999,18.39,13224,12.97,852,12.98,2652
1009,2020-12-03 12:10:57.034053-05:00,18.37,14960,18.38,8567,12.97,852,12.98,2652
1010,2020-12-03 12:10:57.034053-05:00,18.37,14960,18.38,8567,12.96,3519,12.97,2417
1011,2020-12-03 12:11:09.063170-05:00,18.37,14810,18.38,8506,12.96,2717,12.97,2840
1012,2020-12-03 12:11:19.191882-05:00,18.37,15220,18.38,8422,12.96,3633,12.97,2194
1013,2020-12-03 12:11:29.212215-05:00,18.37,14344,18.38,8207,12.96,2769,12.97,2511
1014,2020-12-03 12:11:38.049344-05:00,18.37,14878,18.38,8121,12.96,2769,12.97,2511
1015,2020-12-03 12:11:38.049344-05:00,18.37,14878,18.38,8121,12.96,3340,12.97,2359
1016,2020-12-03 12:11:49.072505-05:00,18.37,14904,18.38,8121,12.96,3518,12.97,2345
1017,2020-12-03 12:11:52.078108-05:00,18.37,14904,18.38,8121,12.96,3480,12.97,2337
1018,2020-12-03 12:12:09.257491-05:00,18.37,14162,18.38,8344,12.96,2511,12.97,2558
1019,2020-12-03 12:12:19.026612-05:00,18.37,15168,18.38,7995,12.96,3663,12.97,2151
1020,2020-12-03 12:12:29.047784-05:00,18.37,14774,18.38,8788,12.96,2715,12.97,2976
1021,2020-12-03 12:12:39.067835-05:00,18.37,14478,18.38,9147,12.96,2703,12.97,3141
1022,2020-12-03 12:12:49.215719-05:00,18.37,11505,18.38,12085,12.96,2281,12.97,3317
1023,2020-12-03 12:12:58.229397-05:00,18.37,11569,18.38,12086,12.96,2281,12.97,3317
1024,2020-12-03 12:12:58.229397-05:00,18.37,11569,18.38,12086,12.96,2173,12.97,3316
1025,2020-12-03 12:13:08.246373-05:00,18.37,10477,18.38,12097,12.96,2173,12.97,3316
1026,2020-12-03 12:13:08.246373-05:00,18.37,10477,18.38,12097,12.96,1445,12.97,3384
1027,2020-12-03 12:13:18.011200-05:00,18.37,10982,18.38,12164,12.96,1445,12.97,3384
1028,2020-12-03 12:13:18.011200-05:00,18.37,10982,18.38,12164,12.96,1615,12.97,3322
1029,2020-12-03 12:13:29.029652-05:00,18.37,10975,18.38,12189,12.96,1349,12.97,3324
1030,2020-12-03 12:13:39.045467-05:00,18.37,14110,18.38,8809,12.96,1827,12.97,3152
1031,2020-12-03 12:13:49.065181-05:00,18.37,14238,18.38,8724,12.96,1837,12.97,3149
1032,2020-12-03 12:13:49.065181-05:00,18.37,14238,18.38,8724,12.96,1906,12.97,2953
1033,2020-12-03 12:13:59.086854-05:00,18.37,14255,18.38,8632,12.96,1906,12.97,2953
1034,2020-12-03 12:14:07.105343-05:00,18.37,14357,18.38,7981,12.96,1906,12.97,2953
1035,2020-12-03 12:14:07.105343-05:00,18.37,14357,18.38,7981,12.96,2471,12.97,2516
1036,2020-12-03 12:14:07.105343-05:00,18.37,14357,18.38,7981,12.96,2697,12.97,2490
1037,2020-12-03 12:14:29.098891-05:00,18.37,14734,18.38,7959,12.96,2827,12.97,2288
1038,2020-12-03 12:14:39.116741-05:00,18.37,14355,18.38,8007,12.96,2214,12.97,2621
1039,2020-12-03 12:14:49.137015-05:00,18.37,14044,18.38,8794,12.96,1860,12.97,3146
1040,2020-12-03 12:14:59.121119-05:00,18.37,14273,18.38,7981,12.96,2462,12.97,2484
1041,2020-12-03 12:15:09.136293-05:00,18.37,14079,18.38,8633,12.96,1845,12.97,3129
1042,2020-12-03 12:15:19.151488-05:00,18.37,14144,18.38,8658,12.96,1846,12.97,3142
1043,2020-12-03 12:15:29.166912-05:00,18.37,14526,18.38,7979,12.96,2828,12.97,2354
1044,2020-12-03 12:15:39.183564-05:00,18.37,14542,18.38,7876,12.96,2833,12.97,2231
1045,2020-12-03 12:15:49.201676-05:00,18.37,14542,18.38,7721,12.96,2840,12.97,2106
1046,2020-12-03 12:15:59.224078-05:00,18.37,14459,18.38,7743,12.96,2738,12.97,2256
1047,2020-12-03 12:16:09.243833-05:00,18.37,14310,18.38,7743,12.96,2742,12.97,2260
1048,2020-12-03 12:16:19.014967-05:00,18.37,14721,18.38,6859,12.96,2906,12.97,1997
1049,2020-12-03 12:16:29.219662-05:00,18.38,13806,18.39,11537,12.97,4258,12.98,1577
1050,2020-12-03 12:16:36.232899-05:00,18.38,13876,18.39,11476,12.97,4258,12.98,1577
1051,2020-12-03 12:16:36.232899-05:00,18.38,13876,18.39,11476,12.97,4263,12.98,1543
1052,2020-12-03 12:16:49.260825-05:00,18.38,14773,18.39,8436,12.97,4426,12.98,1287
1053,2020-12-03 12:16:58.029311-05:00,18.38,14762,18.39,8653,12.97,4426,12.98,1287
1054,2020-12-03 12:16:58.029311-05:00,18.38,14762,18.39,8653,12.97,4427,12.98,1135
1055,2020-12-03 12:17:09.053995-05:00,18.38,11175,18.39,12631,12.97,3159,12.98,1821
1056,2020-12-03 12:17:19.074969-05:00,18.38,11116,18.39,12631,12.97,3128,12.98,1847
1057,2020-12-03 12:17:29.094018-05:00,18.38,11180,18.39,12631,12.97,3148,12.98,1795
1058,2020-12-03 12:17:39.115753-05:00,18.38,9923,18.39,12749,12.97,2860,12.98,2300
1059,2020-12-03 12:17:39.115753-05:00,18.38,9923,18.39,12749,12.97,2857,12.98,2287
1060,2020-12-03 12:17:58.154418-05:00,18.38,9623,18.39,12151,12.97,2857,12.98,2287
1061,2020-12-03 12:17:58.154418-05:00,18.38,9623,18.39,12151,12.97,2627,12.98,1964
1062,2020-12-03 12:18:09.257576-05:00,18.37,5809,18.38,8843,12.95,1891,12.96,555
1063,2020-12-03 12:18:19.028450-05:00,18.37,2743,18.38,8144,12.95,1707,12.96,1013
1064,2020-12-03 12:18:29.048396-05:00,18.37,6469,18.38,13115,12.95,2769,12.96,1836
1065,2020-12-03 12:18:39.069813-05:00,18.37,8785,18.38,12216,12.96,2347,12.97,3330
1066,2020-12-03 12:18:49.091628-05:00,18.37,7622,18.38,12986,12.96,1164,12.97,3274
1067,2020-12-03 12:18:59.095749-05:00,18.37,9046,18.38,11692,12.96,1745,12.97,3317
1068,2020-12-03 12:19:09.112252-05:00,18.37,7071,18.38,12553,12.96,939,12.97,3533
1069,2020-12-03 12:19:19.131098-05:00,18.37,8369,18.38,11568,12.96,1572,12.97,3341
1070,2020-12-03 12:19:29.152449-05:00,18.37,8471,18.38,10839,12.96,1517,12.97,3027
1071,2020-12-03 12:19:39.041560-05:00,18.37,10683,18.38,8681,12.96,1923,12.97,3071
1072,2020-12-03 12:19:49.059172-05:00,18.37,10665,18.38,9144,12.96,1918,12.97,3134
1073,2020-12-03 12:19:59.079351-05:00,18.37,9858,18.38,10377,12.96,1856,12.97,3295
1074,2020-12-03 12:20:09.132100-05:00,18.37,10548,18.38,8053,12.96,2554,12.97,2006
1075,2020-12-03 12:20:19.232317-05:00,18.37,10736,18.38,6163,12.96,1974,12.97,2026
1076,2020-12-03 12:20:27.999409-05:00,18.37,10925,18.38,4897,12.96,1974,12.97,2026
1077,2020-12-03 12:20:27.999409-05:00,18.37,10925,18.38,4897,12.96,2663,12.97,1345
1078,2020-12-03 12:20:39.023001-05:00,18.37,10925,18.38,4818,12.96,2684,12.97,1284
1079,2020-12-03 12:20:49.041096-05:00,18.37,11039,18.38,4896,12.96,3037,12.97,873
1080,2020-12-03 12:20:59.060788-05:00,18.37,12177,18.38,1823,12.96,3383,12.97,450
1081,2020-12-03 12:21:09.080129-05:00,18.37,11879,18.38,2832,12.96,3177,12.97,950
1082,2020-12-03 12:21:19.099268-05:00,18.37,11417,18.38,4459,12.96,3132,12.97,1208
1083,2020-12-03 12:21:19.099268-05:00,18.37,11417,18.38,4459,12.96,3133,12.97,1166
1084,2020-12-03 12:21:29.119432-05:00,18.37,11570,18.38,4091,12.96,3133,12.97,1166
1085,2020-12-03 12:21:39.141228-05:00,18.38,7975,18.39,10984,12.97,2791,12.98,1819
1086,2020-12-03 12:21:49.238367-05:00,18.38,6655,18.39,12187,12.97,1404,12.98,2825
1087,2020-12-03 12:21:59.253879-05:00,18.38,9394,18.39,10873,12.97,2704,12.98,1582
1088,2020-12-03 12:22:09.270578-05:00,18.38,11153,18.39,7780,12.97,2967,12.98,1430
1089,2020-12-03 12:22:19.034914-05:00,18.38,10938,18.39,8630,12.97,2951,12.98,1490
1090,2020-12-03 12:22:29.058770-05:00,18.38,11155,18.39,7742,12.97,2975,12.98,1430
1091,2020-12-03 12:22:39.076249-05:00,18.38,8058,18.39,1764,12.98,1259,12.99,2102
1092,2020-12-03 12:22:49.098005-05:00,18.38,11802,18.39,6136,12.97,2852,12.98,1959
1093,2020-12-03 12:22:59.116565-05:00,18.38,8960,18.39,9771,12.97,2004,12.98,2390
1094,2020-12-03 12:23:09.137403-05:00,18.38,8884,18.39,9814,12.97,2032,12.98,2547
1095,2020-12-03 12:23:19.158397-05:00,18.38,8346,18.39,9892,12.97,1905,12.98,2888
1096,2020-12-03 12:23:29.180252-05:00,18.38,8867,18.39,9797,12.97,2031,12.98,2554
1097,2020-12-03 12:23:39.201382-05:00,18.38,8881,18.39,9827,12.97,2059,12.98,2480
1098,2020-12-03 12:23:49.221732-05:00,18.38,4122,18.39,5493,12.97,1303,12.98,1975
1099,2020-12-03 12:23:59.204643-05:00,18.38,8367,18.39,9434,12.97,2359,12.98,1688
1100,2020-12-03 12:24:07.191178-05:00,18.38,7476,18.39,9882,12.97,2359,12.98,1688
1101,2020-12-03 12:24:07.191178-05:00,18.38,7476,18.39,9882,12.97,1783,12.98,2562
1102,2020-12-03 12:24:19.030647-05:00,18.38,7414,18.39,9952,12.97,1783,12.98,2624
1103,2020-12-03 12:24:28.225467-05:00,18.38,7483,18.39,9882,12.97,1678,12.98,2579
1104,2020-12-03 12:24:39.247855-05:00,18.38,7483,18.39,9868,12.97,1745,12.98,2411
1105,2020-12-03 12:24:49.154932-05:00,18.38,7499,18.39,9884,12.97,1745,12.98,2564
1106,2020-12-03 12:25:00.205513-05:00,18.38,7649,18.39,9879,12.97,1810,12.98,2380
1107,2020-12-03 12:25:09.192061-05:00,18.38,7488,18.39,9881,12.97,1759,12.98,2598
1108,2020-12-03 12:25:19.058204-05:00,18.38,7419,18.39,9933,12.97,1759,12.98,2620
1109,2020-12-03 12:25:29.074669-05:00,18.38,7527,18.39,9898,12.97,1760,12.98,2748
1110,2020-12-03 12:25:39.089964-05:00,18.38,7526,18.39,9905,12.97,1753,12.98,2744
1111,2020-12-03 12:25:49.106029-05:00,18.38,7427,18.39,9890,12.97,1718,12.98,2750
1112,2020-12-03 12:25:58.124667-05:00,18.38,7248,18.39,9951,12.97,1718,12.98,2750
1113,2020-12-03 12:25:58.124667-05:00,18.38,7248,18.39,9951,12.97,1658,12.98,2795
1114,2020-12-03 12:26:09.147841-05:00,18.38,6430,18.39,10061,12.97,1276,12.98,2886
1115,2020-12-03 12:26:19.171068-05:00,18.38,6911,18.39,9857,12.97,1656,12.98,2718
1116,2020-12-03 12:26:19.171068-05:00,18.38,6911,18.39,9857,12.97,1744,12.98,2568
1117,2020-12-03 12:26:29.190188-05:00,18.38,7391,18.39,9876,12.97,1744,12.98,2568
1118,2020-12-03 12:26:39.211600-05:00,18.38,7559,18.39,9874,12.97,1857,12.98,2241
1119,2020-12-03 12:26:49.230392-05:00,18.38,8167,18.39,9825,12.97,2063,12.98,1880
1120,2020-12-03 12:26:59.248832-05:00,18.38,9422,18.39,8781,12.97,2476,12.98,1660
1121,2020-12-03 12:27:09.017677-05:00,18.38,11124,18.39,6506,12.97,2725,12.98,1235
1122,2020-12-03 12:27:19.035953-05:00,18.38,11528,18.39,5502,12.97,2866,12.98,286
1123,2020-12-03 12:27:29.054616-05:00,18.38,11748,18.39,4846,12.97,3372,12.98,200
1124,2020-12-03 12:27:33.991002-05:00,18.38,11748,18.39,4846,12.98,2587,12.99,2351
1125,2020-12-03 12:27:39.025801-05:00,18.38,11919,18.39,4148,12.98,2587,12.99,2351
1126,2020-12-03 12:27:49.040819-05:00,18.38,11851,18.39,4387,12.98,2668,12.99,2429
1127,2020-12-03 12:27:59.055353-05:00,18.38,11893,18.39,4581,12.98,2654,12.99,2433
1128,2020-12-03 12:28:09.071152-05:00,18.38,11826,18.39,4682,12.98,2320,12.99,2520
1129,2020-12-03 12:28:15.080942-05:00,18.38,11887,18.39,1914,12.98,2320,12.99,2520
1130,2020-12-03 12:28:15.080942-05:00,18.38,11887,18.39,1914,12.98,2413,12.99,2342
1131,2020-12-03 12:28:29.101734-05:00,18.39,15006,18.4,8349,12.99,2167,13.0,2595
1132,2020-12-03 12:28:39.119988-05:00,18.39,14905,18.4,8485,12.99,2077,13.0,2677
1133,2020-12-03 12:28:49.138852-05:00,18.39,9939,18.4,5050,12.99,663,13.0,2016
1134,2020-12-03 12:28:59.161803-05:00,18.39,11640,18.4,10717,12.99,671,13.0,2771
1135,2020-12-03 12:29:09.173643-05:00,18.39,10206,18.4,10846,12.98,3298,12.99,2045
1136,2020-12-03 12:29:19.190156-05:00,18.39,10060,18.4,10885,12.98,3110,12.99,1976
1137,2020-12-03 12:29:29.208902-05:00,18.39,10060,18.4,10855,12.98,3149,12.99,1937
1138,2020-12-03 12:29:38.224465-05:00,18.39,10058,18.4,10885,12.98,3149,12.99,1937
1139,2020-12-03 12:29:38.224465-05:00,18.39,10058,18.4,10885,12.98,3131,12.99,1937
1140,2020-12-03 12:29:38.224465-05:00,18.39,10058,18.4,10885,12.98,3212,12.99,1854
1141,2020-12-03 12:29:49.244125-05:00,18.39,10220,18.4,10846,12.98,3212,12.99,1854
1142,2020-12-03 12:29:59.261455-05:00,18.39,10060,18.4,10847,12.98,3168,12.99,1894
1143,2020-12-03 12:30:09.030524-05:00,18.39,9802,18.4,10901,12.98,3146,12.99,1915
1144,2020-12-03 12:30:19.011789-05:00,18.39,9459,18.4,11110,12.98,3070,12.99,2168
1145,2020-12-03 12:30:29.031310-05:00,18.39,9362,18.4,11210,12.98,2823,12.99,2237
1146,2020-12-03 12:30:39.049564-05:00,18.39,7977,18.4,11588,12.98,2285,12.99,2777
1147,2020-12-03 12:30:49.183216-05:00,18.39,9304,18.4,10910,12.98,3132,12.99,1902
1148,2020-12-03 12:30:59.051116-05:00,18.39,9326,18.4,10885,12.98,3216,12.99,1825
1149,2020-12-03 12:31:09.064811-05:00,18.39,9457,18.4,10901,12.98,3217,12.99,1858
1150,2020-12-03 12:31:19.076264-05:00,18.39,11309,18.4,9762,12.98,3447,12.99,871
1151,2020-12-03 12:31:29.083795-05:00,18.39,11899,18.4,7773,12.98,3466,12.99,575
1152,2020-12-03 12:31:39.210080-05:00,18.39,11895,18.4,7758,12.98,3466,12.99,566
1153,2020-12-03 12:31:39.210080-05:00,18.39,11895,18.4,7758,12.98,3343,12.99,1167
1154,2020-12-03 12:31:49.022754-05:00,18.39,9996,18.4,10745,12.98,3343,12.99,1167
1155,2020-12-03 12:31:59.245901-05:00,18.39,9985,18.4,10819,12.98,3343,12.99,1177
1156,2020-12-03 12:32:07.994981-05:00,18.39,9331,18.4,10899,12.98,3343,12.99,1177
1157,2020-12-03 12:32:07.994981-05:00,18.39,9331,18.4,10899,12.98,3316,12.99,1222
1158,2020-12-03 12:32:19.096521-05:00,18.39,10985,18.4,9865,12.98,3435,12.99,919
1159,2020-12-03 12:32:29.106735-05:00,18.39,11387,18.4,8607,12.98,3438,12.99,646
1160,2020-12-03 12:32:38.121505-05:00,18.39,11326,18.4,9707,12.98,3438,12.99,646
1161,2020-12-03 12:32:38.121505-05:00,18.39,11326,18.4,9707,12.98,3438,12.99,629
1162,2020-12-03 12:32:46.005127-05:00,18.39,11326,18.4,9707,12.98,3457,12.99,425
1163,2020-12-03 12:32:48.009970-05:00,18.39,12112,18.4,7617,12.98,3457,12.99,425
1164,2020-12-03 12:32:59.073323-05:00,18.39,13117,18.4,6791,12.99,3189,13.0,2440
1165,2020-12-03 12:33:09.119819-05:00,18.39,14336,18.4,3417,12.99,4201,13.0,1103
1166,2020-12-03 12:33:19.137425-05:00,18.4,13176,18.41,10506,13.0,3188,13.01,1842
1167,2020-12-03 12:33:29.020455-05:00,18.4,4376,18.41,12323,12.99,3758,13.0,2388
1168,2020-12-03 12:33:39.035809-05:00,18.4,6510,18.41,12247,12.99,4144,13.0,2253
1169,2020-12-03 12:33:49.060082-05:00,18.4,5586,18.41,12323,12.99,3996,13.0,2135
1170,2020-12-03 12:33:59.071156-05:00,18.4,6085,18.41,12354,12.99,3999,13.0,2131
1171,2020-12-03 12:34:09.094545-05:00,18.4,4196,18.41,12410,12.99,3305,13.0,2343
1172,2020-12-03 12:34:18.103112-05:00,18.4,10,18.41,12662,12.99,3305,13.0,2343
1173,2020-12-03 12:34:18.103112-05:00,18.4,10,18.41,12662,12.99,2713,13.0,2838
1174,2020-12-03 12:34:29.057807-05:00,18.39,13748,18.4,8733,12.99,2599,13.0,3214
1175,2020-12-03 12:34:39.072711-05:00,18.39,13741,18.4,9445,12.99,2254,13.0,3224
1176,2020-12-03 12:34:49.093621-05:00,18.39,10890,18.4,12837,12.98,3113,12.99,1050
1177,2020-12-03 12:34:49.093621-05:00,18.39,10890,18.4,12837,12.98,3091,12.99,1013
1178,2020-12-03 12:34:59.104946-05:00,18.39,11554,18.4,12241,12.98,3091,12.99,1013
1179,2020-12-03 12:35:09.126326-05:00,18.39,12206,18.4,11054,12.98,3000,12.99,683
1180,2020-12-03 12:35:16.087038-05:00,18.39,12206,18.4,11054,12.98,3139,12.99,502
1181,2020-12-03 12:35:19.163795-05:00,18.39,13821,18.4,9499,12.98,3139,12.99,502
1182,2020-12-03 12:35:29.183632-05:00,18.39,11729,18.4,12230,12.98,3018,12.99,1122
1183,2020-12-03 12:35:39.094417-05:00,18.39,10908,18.4,12868,12.98,2942,12.99,1121
1184,2020-12-03 12:35:49.190152-05:00,18.39,10029,18.4,12961,12.98,2398,12.99,1366
1185,2020-12-03 12:35:58.127366-05:00,18.39,10049,18.4,12968,12.98,2398,12.99,1366
1186,2020-12-03 12:35:58.127366-05:00,18.39,10049,18.4,12968,12.98,2387,12.99,1510
1187,2020-12-03 12:36:09.150075-05:00,18.39,11460,18.4,12359,12.98,2993,12.99,1113
1188,2020-12-03 12:36:19.172372-05:00,18.39,10972,18.4,12334,12.98,2994,12.99,1085
1189,2020-12-03 12:36:29.183295-05:00,18.39,10478,18.4,12329,12.98,2643,12.99,937
1190,2020-12-03 12:36:39.196083-05:00,18.39,9870,18.4,13072,12.98,2206,12.99,1554
1191,2020-12-03 12:36:49.085203-05:00,18.39,10151,18.4,13003,12.98,2523,12.99,1361
1192,2020-12-03 12:36:59.229051-05:00,18.39,10087,18.4,12983,12.98,2529,12.99,1414
1193,2020-12-03 12:37:09.109778-05:00,18.39,11473,18.4,12403,12.98,2982,12.99,1194
1194,2020-12-03 12:37:19.219363-05:00,18.39,10819,18.4,12910,12.98,2915,12.99,1232
1195,2020-12-03 12:37:29.231889-05:00,18.39,10301,18.4,12914,12.98,2707,12.99,1274
1196,2020-12-03 12:37:39.087048-05:00,18.39,9870,18.4,12993,12.98,2226,12.99,1569
1197,2020-12-03 12:37:49.102270-05:00,18.39,9870,18.4,12994,12.98,2517,12.99,1572
1198,2020-12-03 12:37:59.207032-05:00,18.39,10340,18.4,12975,12.98,2634,12.99,1323
1199,2020-12-03 12:38:09.007464-05:00,18.39,10028,18.4,12324,12.98,2446,12.99,1021
1200,2020-12-03 12:38:19.087448-05:00,18.39,9852,18.4,13057,12.98,2507,12.99,1499
1201,2020-12-03 12:38:29.178847-05:00,18.39,10233,18.4,12953,12.98,2893,12.99,1254
1202,2020-12-03 12:38:29.178847-05:00,18.39,10233,18.4,12953,12.98,2514,12.99,1556
1203,2020-12-03 12:38:39.155399-05:00,18.39,9934,18.4,13082,12.98,2514,12.99,1556
1204,2020-12-03 12:38:39.155399-05:00,18.39,9934,18.4,13082,12.98,2520,12.99,1551
1205,2020-12-03 12:38:49.170260-05:00,18.39,9833,18.4,13082,12.98,2520,12.99,1551
1206,2020-12-03 12:38:59.015201-05:00,18.39,9911,18.4,13057,12.98,2350,12.99,1579
1207,2020-12-03 12:39:09.031795-05:00,18.39,10956,18.4,12415,12.98,2989,12.99,1172
1208,2020-12-03 12:39:18.138737-05:00,18.39,10814,18.4,12922,12.98,2989,12.99,1172
1209,2020-12-03 12:39:18.138737-05:00,18.39,10814,18.4,12922,12.98,2743,12.99,1238
1210,2020-12-03 12:39:29.062381-05:00,18.39,10321,18.4,12981,12.98,2897,12.99,1228
1211,2020-12-03 12:39:39.080278-05:00,18.39,10320,18.4,13002,12.98,2500,12.99,1333
1212,2020-12-03 12:39:46.091698-05:00,18.39,10320,18.4,13007,12.98,2576,12.99,1318
1213,2020-12-03 12:39:59.009585-05:00,18.39,9301,18.4,13098,12.98,2284,12.99,1593
1214,2020-12-03 12:40:09.026528-05:00,18.39,8015,18.4,13243,12.98,2036,12.99,2187
1215,2020-12-03 12:40:19.044851-05:00,18.39,1507,18.4,13459,12.98,737,12.99,2508
1216,2020-12-03 12:40:29.227245-05:00,18.39,573,18.4,13962,12.98,605,12.99,2596
1217,2020-12-03 12:40:39.110574-05:00,18.39,1569,18.4,13964,12.98,937,12.99,2590
1218,2020-12-03 12:40:49.025635-05:00,18.39,1898,18.4,13937,12.98,881,12.99,2547
1219,2020-12-03 12:40:59.041267-05:00,18.39,1755,18.4,13939,12.98,697,12.99,2618
1220,2020-12-03 12:41:09.055574-05:00,18.39,1033,18.4,14632,12.98,833,12.99,2599
1221,2020-12-03 12:41:19.072848-05:00,18.38,12345,18.39,7783,12.97,2994,12.98,2072
1222,2020-12-03 12:41:19.072848-05:00,18.38,12345,18.39,7783,12.97,3002,12.98,1872
1223,2020-12-03 12:41:29.089975-05:00,18.38,12433,18.39,7115,12.97,3002,12.98,1872
1224,2020-12-03 12:41:39.109372-05:00,18.38,12371,18.39,7173,12.97,2869,12.98,1884
