,time,bid1,bid_size1,ask1,ask_size1,bid2,bid_size2,ask2,ask_size2
0,2020-12-02 09:47:04.433941-05:00,18.53,11355,18.54,5881,13.19,2393,13.2,2115
1,2020-12-02 09:47:10.402234-05:00,18.53,10704,18.54,6249,13.18,3113,13.19,612
2,2020-12-02 09:47:20.424729-05:00,18.53,11963,18.54,1613,13.19,3217,13.2,1337
3,2020-12-02 09:47:30.405208-05:00,18.53,11583,18.54,5206,13.19,1835,13.2,2135
4,2020-12-02 09:47:40.424286-05:00,18.53,10272,18.54,7060,13.18,3150,13.19,1282
5,2020-12-02 09:47:50.440561-05:00,18.53,11663,18.54,4454,13.19,2161,13.2,1492
6,2020-12-02 09:48:00.459858-05:00,18.53,11732,18.54,4197,13.19,2403,13.2,1274
7,2020-12-02 09:48:10.552492-05:00,18.54,3472,18.55,11055,13.19,2700,13.2,1876
8,2020-12-02 09:48:20.570411-05:00,18.54,6020,18.55,10690,13.2,1374,13.21,2222
9,2020-12-02 09:48:30.588345-05:00,18.54,5436,18.55,10815,13.2,931,13.21,2261
10,2020-12-02 09:48:40.568625-05:00,18.54,1915,18.55,10959,13.19,2258,13.2,1967
11,2020-12-02 09:48:50.439009-05:00,18.54,6379,18.55,10721,13.19,2986,13.2,350
12,2020-12-02 09:49:00.404793-05:00,18.54,7545,18.55,8749,13.2,1863,13.21,2216
13,2020-12-02 09:49:10.424900-05:00,18.54,2276,18.55,10942,13.19,2164,13.2,2183
14,2020-12-02 09:49:20.445643-05:00,18.53,8978,18.54,10347,13.18,2849,13.19,1574
15,2020-12-02 09:49:30.467445-05:00,18.53,8978,18.54,10347,13.18,2887,13.19,981
16,2020-12-02 09:49:30.468445-05:00,18.53,11648,18.54,7411,13.18,2887,13.19,981
17,2020-12-02 09:49:40.408322-05:00,18.53,9912,18.54,7648,13.18,2780,13.19,1288
18,2020-12-02 09:49:50.648958-05:00,18.53,8171,18.54,9622,13.18,2614,13.19,1378
19,2020-12-02 09:50:00.508995-05:00,18.53,3702,18.54,5487,13.18,1701,13.19,987
20,2020-12-02 09:50:10.528528-05:00,18.53,8582,18.54,7309,13.18,2439,13.19,1254
21,2020-12-02 09:50:20.550391-05:00,18.53,7801,18.54,9015,13.18,2385,13.19,1390
22,2020-12-02 09:50:30.699418-05:00,18.53,9335,18.54,6973,13.18,2440,13.19,868
23,2020-12-02 09:50:40.477284-05:00,18.52,11169,18.53,5477,13.17,2597,13.18,1161
24,2020-12-02 09:50:50.501103-05:00,18.52,11247,18.53,6183,13.17,2827,13.18,1369
25,2020-12-02 09:51:00.587396-05:00,18.52,10871,18.53,5525,13.17,2504,13.18,1452
26,2020-12-02 09:51:10.486604-05:00,18.52,8240,18.53,10475,13.17,1954,13.18,2301
27,2020-12-02 09:51:20.506518-05:00,18.52,9423,18.53,8077,13.17,2064,13.18,1729
28,2020-12-02 09:51:30.523611-05:00,18.52,8198,18.53,9451,13.17,1957,13.18,2072
29,2020-12-02 09:51:40.542099-05:00,18.52,8093,18.53,10544,13.17,1966,13.18,2353
30,2020-12-02 09:51:50.559329-05:00,18.52,7290,18.53,10470,13.16,3225,13.17,730
31,2020-12-02 09:52:00.592696-05:00,18.51,10994,18.52,7778,13.16,1487,13.17,2276
32,2020-12-02 09:52:10.561384-05:00,18.51,6740,18.52,11386,13.15,2643,13.16,1967
33,2020-12-02 09:52:20.581445-05:00,18.51,10045,18.52,6904,13.16,3128,13.17,1842
34,2020-12-02 09:52:29.290587-05:00,18.51,10482,18.52,3782,13.16,3559,13.17,1464
35,2020-12-02 09:52:39.318997-05:00,18.51,9839,18.52,7019,13.16,2554,13.17,2259
36,2020-12-02 09:52:49.353098-05:00,18.5,11974,18.51,4541,13.15,1673,13.16,2145
37,2020-12-02 09:52:59.067265-05:00,18.5,11523,18.51,3399,13.15,1171,13.16,2504
38,2020-12-02 09:53:09.117176-05:00,18.5,6447,18.51,10246,13.14,1503,13.15,2884
39,2020-12-02 09:53:19.101631-05:00,18.5,7260,18.51,10225,13.14,1878,13.15,2541
40,2020-12-02 09:53:29.189354-05:00,18.5,6299,18.51,10300,13.14,1467,13.15,2781
41,2020-12-02 09:53:39.134912-05:00,18.5,6693,18.51,10288,13.14,1614,13.15,2759
42,2020-12-02 09:53:49.154134-05:00,18.5,10695,18.51,5690,13.14,2897,13.15,1048
43,2020-12-02 09:53:59.171602-05:00,18.5,10701,18.51,5675,13.14,2648,13.15,1055
44,2020-12-02 09:54:09.124308-05:00,18.5,11124,18.51,1256,13.15,3087,13.16,1237
45,2020-12-02 09:54:19.160397-05:00,18.51,12407,18.52,7989,13.16,1440,13.17,2472
46,2020-12-02 09:54:29.104942-05:00,18.51,8216,18.52,11482,13.15,2964,13.16,1905
47,2020-12-02 09:54:39.129087-05:00,18.51,7118,18.52,11594,13.15,2657,13.16,2442
48,2020-12-02 09:54:49.162966-05:00,18.51,8792,18.52,10619,13.15,3513,13.16,1305
49,2020-12-02 09:54:59.118989-05:00,18.51,9862,18.52,9578,13.16,1362,13.17,2502
50,2020-12-02 09:55:09.135843-05:00,18.51,11165,18.52,11449,13.16,1161,13.17,3144
51,2020-12-02 09:55:19.156585-05:00,18.51,9852,18.52,12405,13.16,500,13.17,3300
52,2020-12-02 09:55:29.177130-05:00,18.51,9212,18.52,12523,13.15,3325,13.16,1015
53,2020-12-02 09:55:39.199061-05:00,18.51,13427,18.52,6167,13.16,3341,13.17,1894
54,2020-12-02 09:55:49.139942-05:00,18.52,14131,18.53,8329,13.17,3991,13.18,1329
55,2020-12-02 09:55:59.158848-05:00,18.52,6473,18.53,12336,13.17,764,13.18,2632
56,2020-12-02 09:56:09.177443-05:00,18.51,7722,18.52,11388,13.15,3239,13.16,1755
57,2020-12-02 09:56:19.275556-05:00,18.51,3388,18.52,11806,13.15,2769,13.16,1808
58,2020-12-02 09:56:29.223520-05:00,18.51,1188,18.52,11927,13.15,2065,13.16,2509
59,2020-12-02 09:56:39.243106-05:00,18.5,11222,18.51,7294,13.15,1793,13.16,2570
60,2020-12-02 09:56:49.214871-05:00,18.5,11356,18.51,5926,13.15,1868,13.16,2551
61,2020-12-02 09:56:59.237512-05:00,18.5,9370,18.51,7959,13.14,2520,13.15,2147
62,2020-12-02 09:57:09.216060-05:00,18.5,8494,18.51,10303,13.14,2550,13.15,2040
63,2020-12-02 09:57:19.227932-05:00,18.5,10848,18.51,1708,13.15,3634,13.16,1691
64,2020-12-02 09:57:29.229075-05:00,18.51,9796,18.52,13579,13.15,4005,13.16,858
65,2020-12-02 09:57:39.246401-05:00,18.51,8838,18.52,13659,13.15,3811,13.16,1210
66,2020-12-02 09:57:49.198220-05:00,18.51,8272,18.52,13663,13.15,3680,13.16,1180
67,2020-12-02 09:57:59.304430-05:00,18.51,10175,18.52,13016,13.15,3902,13.16,737
68,2020-12-02 09:58:09.078435-05:00,18.52,6747,18.53,12989,13.17,2500,13.18,2561
69,2020-12-02 09:58:19.100653-05:00,18.52,11044,18.53,8011,13.17,3809,13.18,517
70,2020-12-02 09:58:29.223120-05:00,18.52,10457,18.53,8294,13.17,3577,13.18,1520
71,2020-12-02 09:58:39.300368-05:00,18.52,10790,18.53,8044,13.17,3734,13.18,1225
72,2020-12-02 09:58:49.070388-05:00,18.53,9988,18.54,8991,13.18,3654,13.19,440
73,2020-12-02 09:58:59.120974-05:00,18.53,10034,18.54,9027,13.18,3714,13.19,561
74,2020-12-02 09:59:09.110064-05:00,18.53,6356,18.54,10737,13.18,2713,13.19,2703
75,2020-12-02 09:59:19.206022-05:00,18.52,12556,18.53,3762,13.18,1764,13.19,2478
76,2020-12-02 09:59:29.226546-05:00,18.53,2875,18.54,3000,13.18,1176,13.19,1073
77,2020-12-02 09:59:39.249543-05:00,18.53,7421,18.54,9188,13.18,2407,13.19,1215
78,2020-12-02 09:59:49.269080-05:00,18.53,7936,18.54,9059,13.18,2653,13.19,1144
79,2020-12-02 09:59:59.217298-05:00,18.53,11564,18.54,2288,13.19,2738,13.2,1597
80,2020-12-02 10:00:09.234859-05:00,18.54,6545,18.55,11185,13.19,3193,13.2,1367
81,2020-12-02 10:00:19.302847-05:00,18.54,11044,18.55,6818,13.2,2825,13.21,1599
82,2020-12-02 10:00:29.272847-05:00,18.54,10020,18.55,6070,13.2,1726,13.21,2330
83,2020-12-02 10:00:39.076707-05:00,18.54,11140,18.55,4444,13.2,2051,13.21,1542
84,2020-12-02 10:00:49.106746-05:00,18.54,10239,18.55,5577,13.2,1532,13.21,1626
85,2020-12-02 10:00:59.127363-05:00,18.54,7248,18.55,9645,13.2,125,13.21,2750
86,2020-12-02 10:01:09.201011-05:00,18.53,3658,18.54,13048,13.18,1241,13.19,2762
87,2020-12-02 10:01:19.310199-05:00,18.52,11219,18.53,7600,13.17,2401,13.18,1697
88,2020-12-02 10:01:29.190119-05:00,18.52,7506,18.53,12116,13.17,1866,13.18,2767
89,2020-12-02 10:01:39.207840-05:00,18.52,11411,18.53,2978,13.18,2297,13.19,2650
90,2020-12-02 10:01:49.227857-05:00,18.53,6212,18.54,14076,13.18,1867,13.19,2379
91,2020-12-02 10:01:59.247704-05:00,18.53,9473,18.54,13708,13.18,2678,13.19,1679
92,2020-12-02 10:02:09.210814-05:00,18.52,9125,18.53,12061,13.17,1984,13.18,2432
93,2020-12-02 10:02:19.230307-05:00,18.52,11478,18.53,7605,13.17,2755,13.18,1202
94,2020-12-02 10:02:29.251416-05:00,18.52,10733,18.53,9547,13.17,2086,13.18,1520
95,2020-12-02 10:02:39.270135-05:00,18.52,11292,18.53,8499,13.17,2509,13.18,1358
96,2020-12-02 10:02:49.290453-05:00,18.52,11285,18.53,7621,13.17,2559,13.18,1120
97,2020-12-02 10:02:59.188270-05:00,18.52,6696,18.53,2245,13.17,2464,13.18,180
98,2020-12-02 10:03:09.133158-05:00,18.53,9651,18.54,5669,13.18,4021,13.19,944
99,2020-12-02 10:03:19.153802-05:00,18.53,10144,18.54,6193,13.19,2003,13.2,2692
100,2020-12-02 10:03:29.174691-05:00,18.53,10329,18.54,5047,13.19,2113,13.2,1858
101,2020-12-02 10:03:39.086360-05:00,18.54,7437,18.55,12105,13.19,3347,13.2,475
102,2020-12-02 10:03:49.098743-05:00,18.54,5081,18.55,12373,13.19,3201,13.2,1127
103,2020-12-02 10:03:59.115656-05:00,18.53,10879,18.54,10010,13.19,1882,13.2,2412
104,2020-12-02 10:04:09.132105-05:00,18.52,11724,18.53,7102,13.17,2915,13.18,1358
105,2020-12-02 10:04:19.276604-05:00,18.53,9713,18.54,15721,13.18,2830,13.19,1882
106,2020-12-02 10:04:29.058003-05:00,18.53,6175,18.54,16223,13.18,2018,13.19,2932
107,2020-12-02 10:04:39.093389-05:00,18.53,5447,18.54,15984,13.18,2331,13.19,1999
108,2020-12-02 10:04:49.127689-05:00,18.53,9962,18.54,10386,13.19,2814,13.2,2418
109,2020-12-02 10:04:59.161113-05:00,18.53,10315,18.54,3952,13.19,3231,13.2,1702
110,2020-12-02 10:05:09.276778-05:00,18.54,9853,18.55,11870,13.2,1439,13.21,2320
111,2020-12-02 10:05:19.292172-05:00,18.54,6842,18.55,12454,13.2,293,13.21,3043
112,2020-12-02 10:05:29.060230-05:00,18.53,11943,18.54,5749,13.19,3018,13.2,1776
113,2020-12-02 10:05:39.082996-05:00,18.53,10738,18.54,7013,13.18,3243,13.19,899
114,2020-12-02 10:05:49.103146-05:00,18.53,10240,18.54,7227,13.19,726,13.2,3350
115,2020-12-02 10:05:59.254568-05:00,18.53,8060,18.54,10751,13.18,2827,13.19,1280
116,2020-12-02 10:06:09.271661-05:00,18.53,7172,18.54,10745,13.18,2586,13.19,1256
117,2020-12-02 10:06:19.445705-05:00,18.52,11911,18.53,7423,13.18,505,13.19,2691
118,2020-12-02 10:06:29.071071-05:00,18.52,12306,18.53,2227,13.18,2118,13.19,2063
119,2020-12-02 10:06:39.195908-05:00,18.52,12048,18.53,6556,13.17,3197,13.18,1009
120,2020-12-02 10:06:49.346259-05:00,18.52,11865,18.53,6807,13.17,2885,13.18,1057
121,2020-12-02 10:06:59.233622-05:00,18.52,9940,18.53,10120,13.17,2070,13.18,1914
122,2020-12-02 10:07:09.253309-05:00,18.52,11514,18.53,7387,13.17,2562,13.18,1289
123,2020-12-02 10:07:19.247396-05:00,18.51,12978,18.52,9153,13.16,1930,13.17,2928
124,2020-12-02 10:07:29.181153-05:00,18.51,10203,18.52,12876,13.16,1019,13.17,3001
125,2020-12-02 10:07:39.200351-05:00,18.5,6134,18.51,12260,13.14,1339,13.15,2604
126,2020-12-02 10:07:49.220058-05:00,18.5,5494,18.51,12574,13.14,1729,13.15,2934
127,2020-12-02 10:07:59.194804-05:00,18.5,5998,18.51,12436,13.14,1789,13.15,2915
128,2020-12-02 10:08:09.211046-05:00,18.5,8964,18.51,10039,13.14,2667,13.15,2111
129,2020-12-02 10:08:19.229864-05:00,18.5,9875,18.51,7839,13.15,599,13.16,3467
130,2020-12-02 10:08:29.248238-05:00,18.5,5254,18.51,12341,13.14,1710,13.15,3015
131,2020-12-02 10:08:39.222191-05:00,18.5,5026,18.51,12404,13.14,1489,13.15,3199
132,2020-12-02 10:08:49.198153-05:00,18.49,10427,18.5,10300,13.13,1899,13.14,2507
133,2020-12-02 10:08:59.291958-05:00,18.49,5562,18.5,1577,13.13,1832,13.14,359
134,2020-12-02 10:09:09.235798-05:00,18.49,10094,18.5,5477,13.13,2595,13.14,1709
135,2020-12-02 10:09:19.262486-05:00,18.49,4315,18.5,1781,13.13,2021,13.14,643
136,2020-12-02 10:09:29.091735-05:00,18.49,10492,18.5,558,13.13,2969,13.14,303
137,2020-12-02 10:09:39.067036-05:00,18.49,10840,18.5,1075,13.14,2002,13.15,2826
138,2020-12-02 10:09:49.086256-05:00,18.5,11024,18.51,11743,13.14,2642,13.15,1714
139,2020-12-02 10:09:59.197466-05:00,18.5,9124,18.51,13119,13.14,2020,13.15,2717
140,2020-12-02 10:10:09.129717-05:00,18.5,3887,18.51,13395,13.14,512,13.15,3019
141,2020-12-02 10:10:19.165642-05:00,18.49,11383,18.5,3682,13.13,3281,13.14,839
142,2020-12-02 10:10:29.175264-05:00,18.49,11500,18.5,4775,13.13,3047,13.14,1058
143,2020-12-02 10:10:39.196087-05:00,18.49,10914,18.5,5241,13.13,2744,13.14,1339
144,2020-12-02 10:10:49.270873-05:00,18.49,10788,18.5,5905,13.13,2024,13.14,1845
145,2020-12-02 10:10:59.203567-05:00,18.49,9919,18.5,8071,13.13,1853,13.14,2213
146,2020-12-02 10:11:09.193966-05:00,18.49,3742,18.5,2432,13.13,1310,13.14,758
147,2020-12-02 10:11:19.216157-05:00,18.49,10401,18.5,5239,13.13,2589,13.14,969
148,2020-12-02 10:11:29.309504-05:00,18.49,4503,18.5,3197,13.13,1973,13.14,1214
149,2020-12-02 10:11:39.193770-05:00,18.49,10478,18.5,3761,13.13,2881,13.14,793
150,2020-12-02 10:11:49.213615-05:00,18.5,4059,18.51,13582,13.14,522,13.15,2910
151,2020-12-02 10:11:59.231178-05:00,18.49,10708,18.5,9264,13.13,1888,13.14,3129
152,2020-12-02 10:12:09.251783-05:00,18.49,9169,18.5,9585,13.13,1787,13.14,3147
153,2020-12-02 10:12:19.091994-05:00,18.49,3752,18.5,5268,13.13,947,13.14,1835
154,2020-12-02 10:12:29.315943-05:00,18.49,7357,18.5,11680,13.13,1739,13.14,2942
155,2020-12-02 10:12:39.075433-05:00,18.49,6867,18.5,12242,13.12,3076,13.13,711
156,2020-12-02 10:12:49.094762-05:00,18.49,6604,18.5,12557,13.12,3216,13.13,910
157,2020-12-02 10:12:59.115213-05:00,18.49,6032,18.5,12409,13.12,3147,13.13,1172
158,2020-12-02 10:13:09.245664-05:00,18.49,6042,18.5,12341,13.12,3154,13.13,1186
159,2020-12-02 10:13:19.266676-05:00,18.49,8883,18.5,9181,13.13,2129,13.14,2757
160,2020-12-02 10:13:29.323168-05:00,18.49,9955,18.5,8942,13.13,2138,13.14,2676
161,2020-12-02 10:13:39.058987-05:00,18.49,7951,18.5,11461,13.13,2011,13.14,2785
162,2020-12-02 10:13:49.086914-05:00,18.49,6879,18.5,12141,13.13,1192,13.14,2832
163,2020-12-02 10:13:59.198696-05:00,18.49,5923,18.5,12490,13.13,315,13.14,3008
164,2020-12-02 10:14:09.219533-05:00,18.49,3316,18.5,13496,13.12,2153,13.13,2005
165,2020-12-02 10:14:19.293860-05:00,18.49,1240,18.5,13477,13.12,1935,13.13,2732
166,2020-12-02 10:14:29.260631-05:00,18.48,11484,18.49,3594,13.12,2701,13.13,1974
167,2020-12-02 10:14:39.100353-05:00,18.48,12298,18.49,1968,13.12,2813,13.13,1678
168,2020-12-02 10:14:49.115076-05:00,18.49,7724,18.5,13277,13.12,2835,13.13,1374
169,2020-12-02 10:14:59.136563-05:00,18.49,5011,18.5,13319,13.12,2338,13.13,1503
170,2020-12-02 10:15:08.155057-05:00,18.48,5592,18.49,2892,13.12,863,13.13,1677
171,2020-12-02 10:15:19.067469-05:00,18.48,6253,18.49,10751,13.11,1908,13.12,2225
172,2020-12-02 10:15:29.085177-05:00,18.48,9947,18.49,6450,13.12,2175,13.13,2474
173,2020-12-02 10:15:39.102197-05:00,18.48,10329,18.49,2493,13.12,2985,13.13,1270
174,2020-12-02 10:15:49.121495-05:00,18.49,7457,18.5,13173,13.12,3552,13.13,1313
175,2020-12-02 10:15:59.140773-05:00,18.49,8957,18.5,11899,13.13,2112,13.14,2629
176,2020-12-02 10:16:09.170234-05:00,18.49,4678,18.5,13339,13.12,2736,13.13,2073
177,2020-12-02 10:16:19.113889-05:00,18.49,5197,18.5,13331,13.12,3009,13.13,1993
178,2020-12-02 10:16:29.131400-05:00,18.49,9731,18.5,9725,13.13,2280,13.14,2561
179,2020-12-02 10:16:39.174211-05:00,18.49,8172,18.5,12030,13.13,2118,13.14,2545
180,2020-12-02 10:16:49.114759-05:00,18.49,10504,18.5,8376,13.13,3032,13.14,1521
181,2020-12-02 10:16:59.134134-05:00,18.49,10200,18.5,8397,13.13,2934,13.14,1550
182,2020-12-02 10:17:09.176795-05:00,18.49,6651,18.5,12773,13.13,1564,13.14,2618
183,2020-12-02 10:17:19.170572-05:00,18.49,6897,18.5,11844,13.13,2006,13.14,2516
184,2020-12-02 10:17:29.192402-05:00,18.48,9928,18.49,8149,13.12,1563,13.13,3240
185,2020-12-02 10:17:39.159988-05:00,18.48,9577,18.49,11538,13.12,530,13.13,3325
186,2020-12-02 10:17:49.177233-05:00,18.48,10996,18.49,7430,13.12,2075,13.13,2887
187,2020-12-02 10:17:59.250412-05:00,18.48,11649,18.49,2092,13.12,3140,13.13,1884
188,2020-12-02 10:18:09.218163-05:00,18.49,8168,18.5,10991,13.12,3262,13.13,999
189,2020-12-02 10:18:19.240757-05:00,18.49,9959,18.5,11969,13.13,835,13.14,2866
190,2020-12-02 10:18:29.260355-05:00,18.49,10247,18.5,11432,13.13,2096,13.14,2586
191,2020-12-02 10:18:39.278026-05:00,18.49,13526,18.5,7420,13.13,2466,13.14,1592
192,2020-12-02 10:18:49.294649-05:00,18.49,13504,18.5,5277,13.13,2611,13.14,1255
193,2020-12-02 10:18:59.062581-05:00,18.49,13130,18.5,6415,13.13,2006,13.14,1609
194,2020-12-02 10:19:09.186254-05:00,18.49,13518,18.5,6376,13.13,2448,13.14,1375
195,2020-12-02 10:19:19.204438-05:00,18.49,12575,18.5,8216,13.13,1790,13.14,2321
196,2020-12-02 10:19:29.222099-05:00,18.49,10329,18.5,10529,13.13,1634,13.14,2375
197,2020-12-02 10:19:39.242033-05:00,18.49,9455,18.5,10985,13.13,1060,13.14,2543
198,2020-12-02 10:19:47.257640-05:00,18.49,9508,18.5,10985,13.13,1060,13.14,2543
199,2020-12-02 10:19:47.257640-05:00,18.49,9508,18.5,10985,13.12,3294,13.13,829
200,2020-12-02 10:19:59.065916-05:00,18.49,8004,18.5,10992,13.12,2998,13.13,1220
201,2020-12-02 10:20:09.084086-05:00,18.49,4928,18.5,11557,13.12,2566,13.13,1407
202,2020-12-02 10:20:19.130548-05:00,18.49,8775,18.5,11638,13.12,2992,13.13,937
203,2020-12-02 10:20:29.147941-05:00,18.49,12453,18.5,7199,13.13,2565,13.14,1870
204,2020-12-02 10:20:39.111904-05:00,18.49,12321,18.5,7807,13.13,2317,13.14,2310
205,2020-12-02 10:20:49.235545-05:00,18.49,12331,18.5,7873,13.13,1813,13.14,2467
206,2020-12-02 10:20:59.150745-05:00,18.49,9262,18.5,11537,13.13,1345,13.14,2622
207,2020-12-02 10:21:09.171266-05:00,18.49,12418,18.5,7141,13.13,2126,13.14,1654
208,2020-12-02 10:21:19.137546-05:00,18.49,13603,18.5,4079,13.14,1303,13.15,2585
209,2020-12-02 10:21:29.158599-05:00,18.49,13512,18.5,6935,13.14,687,13.15,2609
210,2020-12-02 10:21:39.179051-05:00,18.49,7989,18.5,2947,13.14,893,13.15,1428
211,2020-12-02 10:21:49.200170-05:00,18.5,3962,18.51,7318,13.14,1952,13.15,1027
212,2020-12-02 10:21:59.075242-05:00,18.5,10117,18.51,7007,13.14,3033,13.15,557
213,2020-12-02 10:22:09.304851-05:00,18.51,3176,18.52,15349,13.15,2101,13.16,2214
214,2020-12-02 10:22:19.143088-05:00,18.5,9634,18.51,11360,13.15,8,13.16,2778
215,2020-12-02 10:22:29.097491-05:00,18.5,11557,18.51,9198,13.14,3068,13.15,634
216,2020-12-02 10:22:39.117751-05:00,18.5,9660,18.51,11368,13.14,2939,13.15,1369
217,2020-12-02 10:22:49.075424-05:00,18.5,4088,18.51,14473,13.14,1321,13.15,2553
218,2020-12-02 10:22:59.073429-05:00,18.5,3031,18.51,15858,13.13,3380,13.14,1100
219,2020-12-02 10:23:09.091061-05:00,18.49,11750,18.5,9003,13.13,2988,13.14,1567
220,2020-12-02 10:23:19.150204-05:00,18.49,12115,18.5,2570,13.14,2466,13.15,2852
221,2020-12-02 10:23:29.127256-05:00,18.5,13768,18.51,9951,13.15,1920,13.16,2661
222,2020-12-02 10:23:39.132705-05:00,18.5,11290,18.51,13922,13.14,3613,13.15,1713
223,2020-12-02 10:23:49.153474-05:00,18.5,10142,18.51,14813,13.14,3385,13.15,1766
224,2020-12-02 10:23:59.173723-05:00,18.5,12981,18.51,10774,13.14,3627,13.15,1062
225,2020-12-02 10:24:09.195019-05:00,18.5,3524,18.51,14500,13.14,1463,13.15,2260
226,2020-12-02 10:24:19.216523-05:00,18.49,12241,18.5,8246,13.13,3001,13.14,1184
227,2020-12-02 10:24:29.162384-05:00,18.49,12033,18.5,8120,13.13,3066,13.14,920
228,2020-12-02 10:24:39.183845-05:00,18.49,13438,18.5,1410,13.14,2657,13.15,2546
229,2020-12-02 10:24:49.204580-05:00,18.5,10421,18.51,14224,13.14,3192,13.15,1772
230,2020-12-02 10:24:59.225645-05:00,18.5,10226,18.51,14156,13.14,2930,13.15,1788
231,2020-12-02 10:25:09.245294-05:00,18.5,8426,18.51,14273,13.14,2518,13.15,1850
232,2020-12-02 10:25:19.266403-05:00,18.5,7785,18.51,14767,13.14,2200,13.15,2662
233,2020-12-02 10:25:29.301860-05:00,18.5,4505,18.51,15042,13.14,1246,13.15,2699
234,2020-12-02 10:25:39.304483-05:00,18.5,833,18.51,10417,13.13,1979,13.14,1139
235,2020-12-02 10:25:49.074903-05:00,18.49,10524,18.5,9140,13.13,2325,13.14,1763
236,2020-12-02 10:25:59.260047-05:00,18.49,10327,18.5,10141,13.13,1755,13.14,2537
237,2020-12-02 10:26:09.279212-05:00,18.49,10555,18.5,9047,13.13,2692,13.14,1804
238,2020-12-02 10:26:19.301280-05:00,18.49,10295,18.5,9848,13.13,1928,13.14,2350
239,2020-12-02 10:26:29.071259-05:00,18.49,10512,18.5,9122,13.13,2172,13.14,1835
240,2020-12-02 10:26:39.053818-05:00,18.49,10293,18.5,9926,13.13,1918,13.14,2359
241,2020-12-02 10:26:49.072337-05:00,18.49,10540,18.5,9170,13.13,1907,13.14,2153
242,2020-12-02 10:26:59.088508-05:00,18.49,10302,18.5,9964,13.13,1895,13.14,2390
243,2020-12-02 10:27:09.106533-05:00,18.49,7405,18.5,14029,13.13,1445,13.14,2622
244,2020-12-02 10:27:19.124216-05:00,18.49,8145,18.5,13780,13.13,1799,13.14,2598
245,2020-12-02 10:27:29.110833-05:00,18.49,6267,18.5,14271,13.12,3231,13.13,2391
246,2020-12-02 10:27:39.106913-05:00,18.49,5819,18.5,14418,13.12,3047,13.13,2085
247,2020-12-02 10:27:49.126503-05:00,18.49,6682,18.5,11930,13.13,816,13.14,3026
248,2020-12-02 10:27:59.146111-05:00,18.49,9260,18.5,10245,13.13,1714,13.14,2793
249,2020-12-02 10:28:09.149220-05:00,18.49,10952,18.5,8627,13.13,2685,13.14,1773
250,2020-12-02 10:28:19.086048-05:00,18.49,10742,18.5,8686,13.13,2406,13.14,1887
251,2020-12-02 10:28:29.104224-05:00,18.49,10409,18.5,9631,13.13,1777,13.14,2547
252,2020-12-02 10:28:39.121309-05:00,18.49,8037,18.5,12894,13.13,1619,13.14,2799
253,2020-12-02 10:28:49.137451-05:00,18.49,8596,18.5,12141,13.13,1654,13.14,2797
254,2020-12-02 10:28:59.223239-05:00,18.49,10732,18.5,8788,13.13,2244,13.14,1953
255,2020-12-02 10:29:09.148239-05:00,18.49,9598,18.5,9630,13.13,1815,13.14,2583
256,2020-12-02 10:29:19.189757-05:00,18.49,10732,18.5,8848,13.13,2283,13.14,2018
257,2020-12-02 10:29:29.189203-05:00,18.49,11121,18.5,8645,13.13,2776,13.14,1656
258,2020-12-02 10:29:39.128882-05:00,18.49,11677,18.5,2639,13.14,2000,13.15,2503
259,2020-12-02 10:29:49.143223-05:00,18.49,7365,18.5,1416,13.14,1429,13.15,1696
260,2020-12-02 10:29:59.161495-05:00,18.5,8394,18.51,13892,13.14,2674,13.15,1390
261,2020-12-02 10:30:09.217482-05:00,18.5,6734,18.51,14479,13.14,1837,13.15,2298
262,2020-12-02 10:30:19.254747-05:00,18.49,11481,18.5,9537,13.13,2907,13.14,2082
263,2020-12-02 10:30:29.271539-05:00,18.49,11456,18.5,8674,13.13,2870,13.14,1421
264,2020-12-02 10:30:39.288591-05:00,18.49,8054,18.5,13629,13.13,1745,13.14,2606
265,2020-12-02 10:30:48.054180-05:00,18.49,6748,18.5,14013,13.13,1745,13.14,2606
266,2020-12-02 10:30:48.054180-05:00,18.49,6748,18.5,14013,13.13,299,13.14,2832
267,2020-12-02 10:30:59.077050-05:00,18.49,7213,18.5,13950,13.13,1510,13.14,2823
268,2020-12-02 10:31:09.130494-05:00,18.49,6442,18.5,13404,13.12,3046,13.13,752
269,2020-12-02 10:31:19.203285-05:00,18.49,6068,18.5,13708,13.12,3473,13.13,106
270,2020-12-02 10:31:29.171948-05:00,18.49,7566,18.5,13022,13.13,1892,13.14,2824
271,2020-12-02 10:31:39.192034-05:00,18.49,6285,18.5,13643,13.13,1585,13.14,2832
272,2020-12-02 10:31:49.198318-05:00,18.49,7551,18.5,12985,13.13,2003,13.14,2804
273,2020-12-02 10:31:59.216852-05:00,18.49,5690,18.5,13769,13.13,1346,13.14,2902
274,2020-12-02 10:32:09.239886-05:00,18.49,4333,18.5,13970,13.12,3265,13.13,1428
275,2020-12-02 10:32:19.262904-05:00,18.49,4037,18.5,13371,13.12,2933,13.13,1183
276,2020-12-02 10:32:29.191886-05:00,18.49,3337,18.5,14180,13.12,2873,13.13,1727
277,2020-12-02 10:32:39.210726-05:00,18.49,3070,18.5,14378,13.12,2344,13.13,2194
278,2020-12-02 10:32:49.228686-05:00,18.48,5674,18.49,6472,13.12,1709,13.13,1240
279,2020-12-02 10:32:59.248519-05:00,18.48,9973,18.49,1962,13.12,3068,13.13,1140
280,2020-12-02 10:33:09.142490-05:00,18.49,9520,18.5,13600,13.12,3316,13.13,241
281,2020-12-02 10:33:19.160803-05:00,18.49,11293,18.5,12632,13.13,2670,13.14,2566
282,2020-12-02 10:33:29.180850-05:00,18.49,12770,18.5,9474,13.13,2782,13.14,2074
283,2020-12-02 10:33:39.200216-05:00,18.49,9976,18.5,12702,13.13,2670,13.14,2569
284,2020-12-02 10:33:49.221290-05:00,18.49,8898,18.5,12837,13.13,2131,13.14,2410
285,2020-12-02 10:33:59.078531-05:00,18.49,7240,18.5,14046,13.13,56,13.14,3000
286,2020-12-02 10:34:09.095453-05:00,18.49,7762,18.5,13107,13.12,3362,13.13,766
287,2020-12-02 10:34:19.113444-05:00,18.49,9403,18.5,12476,13.13,2200,13.14,2623
288,2020-12-02 10:34:29.132009-05:00,18.49,8505,18.5,13582,13.13,2039,13.14,2722
289,2020-12-02 10:34:39.192869-05:00,18.49,11699,18.5,8833,13.13,2541,13.14,1981
290,2020-12-02 10:34:49.156268-05:00,18.49,10023,18.5,12503,13.13,2253,13.14,2557
291,2020-12-02 10:34:59.263002-05:00,18.49,9985,18.5,12670,13.13,2011,13.14,2563
292,2020-12-02 10:35:09.198725-05:00,18.49,7759,18.5,13604,13.13,1387,13.14,2680
293,2020-12-02 10:35:19.222018-05:00,18.49,11703,18.5,8688,13.13,2433,13.14,1708
294,2020-12-02 10:35:29.240672-05:00,18.49,12713,18.5,8401,13.13,2766,13.14,1095
295,2020-12-02 10:35:39.149501-05:00,18.49,11627,18.5,9263,13.13,1881,13.14,1857
296,2020-12-02 10:35:49.167757-05:00,18.49,10877,18.5,9458,13.13,1828,13.14,2195
297,2020-12-02 10:35:59.188172-05:00,18.49,8464,18.5,13424,13.13,1347,13.14,2346
298,2020-12-02 10:36:09.209751-05:00,18.49,8430,18.5,13545,13.13,1559,13.14,2309
299,2020-12-02 10:36:19.116434-05:00,18.49,8456,18.5,13375,13.13,1577,13.14,2286
300,2020-12-02 10:36:29.274109-05:00,18.49,11691,18.5,8665,13.13,2667,13.14,1203
301,2020-12-02 10:36:39.157196-05:00,18.49,12112,18.5,8583,13.13,2780,13.14,1071
302,2020-12-02 10:36:48.197468-05:00,18.49,12167,18.5,8522,13.13,2780,13.14,1071
303,2020-12-02 10:36:48.197468-05:00,18.49,12167,18.5,8522,13.13,2776,13.14,1102
304,2020-12-02 10:36:59.226298-05:00,18.49,7465,18.5,4617,13.13,1870,13.14,824
305,2020-12-02 10:37:09.242101-05:00,18.49,12353,18.5,5854,13.13,2732,13.14,1008
306,2020-12-02 10:37:19.452242-05:00,18.49,12515,18.5,3626,13.13,3044,13.14,843
307,2020-12-02 10:37:29.279031-05:00,18.49,12656,18.5,2176,13.14,2615,13.15,2731
308,2020-12-02 10:37:29.279031-05:00,18.49,12656,18.5,2176,13.13,3033,13.14,1365
309,2020-12-02 10:37:39.295849-05:00,18.49,12383,18.5,4900,13.13,3033,13.14,1365
310,2020-12-02 10:37:49.259061-05:00,18.49,11815,18.5,6487,13.13,2179,13.14,1950
311,2020-12-02 10:37:59.276850-05:00,18.49,11904,18.5,5912,13.13,2512,13.14,1567
312,2020-12-02 10:38:09.295104-05:00,18.49,5744,18.5,11275,13.12,3229,13.13,1529
313,2020-12-02 10:38:19.148838-05:00,18.49,6731,18.5,11169,13.12,3630,13.13,1039
314,2020-12-02 10:38:29.083500-05:00,18.49,7078,18.5,11021,13.12,3963,13.13,618
315,2020-12-02 10:38:39.103171-05:00,18.49,3287,18.5,6714,13.12,2755,13.13,269
316,2020-12-02 10:38:49.124864-05:00,18.49,2377,18.5,11313,13.12,2169,13.13,1764
317,2020-12-02 10:38:59.144470-05:00,18.49,5769,18.5,11239,13.12,2879,13.13,1427
318,2020-12-02 10:39:07.159198-05:00,18.49,4854,18.5,11295,13.12,2879,13.13,1427
319,2020-12-02 10:39:07.159198-05:00,18.49,4854,18.5,11295,13.12,2551,13.13,1916
320,2020-12-02 10:39:19.106661-05:00,18.49,6321,18.5,11104,13.12,3155,13.13,1074
321,2020-12-02 10:39:29.122962-05:00,18.49,5805,18.5,11252,13.12,2865,13.13,1416
322,2020-12-02 10:39:39.141401-05:00,18.49,8164,18.5,9969,13.12,3260,13.13,583
323,2020-12-02 10:39:49.157719-05:00,18.49,9882,18.5,6764,13.13,2329,13.14,2623
324,2020-12-02 10:39:59.211592-05:00,18.49,10764,18.5,6055,13.13,2426,13.14,2420
325,2020-12-02 10:40:09.229079-05:00,18.49,11152,18.5,5980,13.13,3124,13.14,1578
326,2020-12-02 10:40:19.265629-05:00,18.49,8875,18.5,9685,13.13,2098,13.14,2521
327,2020-12-02 10:40:29.263173-05:00,18.49,7325,18.5,10974,13.13,1105,13.14,2573
328,2020-12-02 10:40:39.273321-05:00,18.49,7614,18.5,10810,13.13,1659,13.14,2590
329,2020-12-02 10:40:49.370696-05:00,18.49,7440,18.5,10970,13.13,1496,13.14,2613
330,2020-12-02 10:40:59.061902-05:00,18.49,6279,18.5,11131,13.13,712,13.14,2760
331,2020-12-02 10:41:09.134030-05:00,18.49,7738,18.5,10623,13.13,1662,13.14,2586
332,2020-12-02 10:41:19.168750-05:00,18.49,6196,18.5,11104,13.13,248,13.14,3053
333,2020-12-02 10:41:28.079348-05:00,18.49,5802,18.5,11231,13.13,248,13.14,3053
334,2020-12-02 10:41:28.079348-05:00,18.49,5802,18.5,11231,13.12,3125,13.13,2136
335,2020-12-02 10:41:37.096168-05:00,18.49,5217,18.5,11352,13.12,2996,13.13,2252
336,2020-12-02 10:41:49.119023-05:00,18.49,4455,18.5,11339,13.12,2607,13.13,2403
337,2020-12-02 10:41:59.136969-05:00,18.49,4509,18.5,11315,13.12,2639,13.13,2211
338,2020-12-02 10:42:04.227683-05:00,18.49,4509,18.5,11315,13.12,2362,13.13,2687
339,2020-12-02 10:42:09.228945-05:00,18.49,3926,18.5,11556,13.12,2362,13.13,2687
340,2020-12-02 10:42:19.248551-05:00,18.49,3292,18.5,11605,13.12,2222,13.13,3077
341,2020-12-02 10:42:29.267807-05:00,18.48,12399,18.49,6031,13.12,1842,13.13,3100
342,2020-12-02 10:42:39.286480-05:00,18.48,11632,18.49,8078,13.12,1609,13.13,3057
343,2020-12-02 10:42:49.076867-05:00,18.48,11328,18.49,11407,13.12,1034,13.13,3183
344,2020-12-02 10:42:52.250922-05:00,18.48,11328,18.49,11407,13.11,2911,13.12,2457
345,2020-12-02 10:42:59.268944-05:00,18.48,9817,18.49,12207,13.11,2911,13.12,2457
346,2020-12-02 10:43:09.288330-05:00,18.48,8418,18.49,12949,13.11,2278,13.12,2523
347,2020-12-02 10:43:18.158517-05:00,18.48,8493,18.49,12949,13.11,2278,13.12,2523
348,2020-12-02 10:43:18.158517-05:00,18.48,8493,18.49,12949,13.11,2320,13.12,2492
349,2020-12-02 10:43:28.074960-05:00,18.48,8454,18.49,12949,13.11,2320,13.12,2492
350,2020-12-02 10:43:28.074960-05:00,18.48,8454,18.49,12949,13.11,2503,13.12,2480
351,2020-12-02 10:43:39.148249-05:00,18.48,7059,18.49,13022,13.11,1970,13.12,2859
352,2020-12-02 10:43:49.080072-05:00,18.48,3398,18.49,8627,13.11,1096,13.12,2845
353,2020-12-02 10:43:59.120211-05:00,18.47,8532,18.48,7892,13.1,1921,13.11,2004
354,2020-12-02 10:44:09.122825-05:00,18.47,8387,18.48,7783,13.1,1925,13.11,1979
355,2020-12-02 10:44:19.142876-05:00,18.47,7204,18.48,9185,13.1,1691,13.11,2546
356,2020-12-02 10:44:29.142900-05:00,18.47,9312,18.48,7247,13.1,2234,13.11,1712
357,2020-12-02 10:44:39.160991-05:00,18.47,9064,18.48,6867,13.1,2266,13.11,1711
358,2020-12-02 10:44:49.179821-05:00,18.47,7634,18.48,5867,13.1,1939,13.11,854
359,2020-12-02 10:44:59.200582-05:00,18.47,7554,18.48,5765,13.1,1720,13.11,901
360,2020-12-02 10:45:09.259713-05:00,18.47,8531,18.48,5843,13.1,1915,13.11,683
361,2020-12-02 10:45:19.299071-05:00,18.47,9467,18.48,2332,13.11,2220,13.12,2666
362,2020-12-02 10:45:29.295575-05:00,18.48,5071,18.49,9195,13.11,2347,13.12,2307
363,2020-12-02 10:45:39.165316-05:00,18.48,5261,18.49,9070,13.11,2503,13.12,1641
364,2020-12-02 10:45:49.086437-05:00,18.48,5247,18.49,9042,13.11,2454,13.12,1669
365,2020-12-02 10:45:59.157730-05:00,18.48,5148,18.49,9075,13.11,2498,13.12,1625
366,2020-12-02 10:46:09.175159-05:00,18.48,4063,18.49,9374,13.11,2243,13.12,2185
367,2020-12-02 10:46:18.189747-05:00,18.48,4067,18.49,9374,13.11,2224,13.12,2183
368,2020-12-02 10:46:29.237797-05:00,18.48,4058,18.49,9374,13.11,2234,13.12,2187
369,2020-12-02 10:46:39.271435-05:00,18.48,4809,18.49,9287,13.11,2195,13.12,2035
370,2020-12-02 10:46:49.073870-05:00,18.48,5616,18.49,9072,13.11,2492,13.12,1565
371,2020-12-02 10:46:59.139640-05:00,18.48,4860,18.49,9183,13.11,2267,13.12,1682
372,2020-12-02 10:47:09.281516-05:00,18.48,4142,18.49,9602,13.11,1943,13.12,2231
373,2020-12-02 10:47:19.311134-05:00,18.48,3371,18.49,9557,13.11,1578,13.12,2223
374,2020-12-02 10:47:29.049435-05:00,18.48,4884,18.49,8928,13.11,1961,13.12,2128
375,2020-12-02 10:47:39.075558-05:00,18.48,3925,18.49,9566,13.11,1822,13.12,2232
376,2020-12-02 10:47:49.083216-05:00,18.48,4673,18.49,8653,13.11,1886,13.12,1504
377,2020-12-02 10:47:59.101322-05:00,18.48,4135,18.49,9426,13.11,1919,13.12,2200
378,2020-12-02 10:48:09.181494-05:00,18.48,4888,18.49,9325,13.11,1962,13.12,2059
379,2020-12-02 10:48:09.181494-05:00,18.48,4888,18.49,9325,13.11,1957,13.12,2038
380,2020-12-02 10:48:19.319275-05:00,18.48,4884,18.49,9343,13.11,1957,13.12,2038
381,2020-12-02 10:48:29.149176-05:00,18.48,4847,18.49,9263,13.11,1919,13.12,2056
382,2020-12-02 10:48:39.176641-05:00,18.48,4817,18.49,9330,13.11,1867,13.12,2057
383,2020-12-02 10:48:49.142915-05:00,18.48,4928,18.49,8924,13.11,1932,13.12,2106
384,2020-12-02 10:48:59.290690-05:00,18.48,4954,18.49,9251,13.11,1959,13.12,1868
385,2020-12-02 10:48:59.290690-05:00,18.48,4954,18.49,9251,13.11,1924,13.12,2066
386,2020-12-02 10:49:09.218929-05:00,18.48,4915,18.49,9252,13.11,1924,13.12,2066
387,2020-12-02 10:49:19.237856-05:00,18.48,4923,18.49,9312,13.11,1929,13.12,2047
388,2020-12-02 10:49:29.258449-05:00,18.48,2506,18.49,3804,13.11,1220,13.12,1001
389,2020-12-02 10:49:39.277834-05:00,18.48,6355,18.49,7958,13.11,2072,13.12,1245
390,2020-12-02 10:49:49.328469-05:00,18.48,5530,18.49,8169,13.11,1879,13.12,1246
391,2020-12-02 10:49:59.307653-05:00,18.48,6678,18.49,6532,13.11,2313,13.12,844
392,2020-12-02 10:50:09.295101-05:00,18.48,2572,18.49,3731,13.11,1225,13.12,997
393,2020-12-02 10:50:19.181761-05:00,18.48,5151,18.49,8252,13.11,1642,13.12,1696
394,2020-12-02 10:50:29.267275-05:00,18.48,5170,18.49,8233,13.11,1612,13.12,1712
395,2020-12-02 10:50:39.278025-05:00,18.48,4706,18.49,8378,13.11,1510,13.12,1867
396,2020-12-02 10:50:49.296402-05:00,18.48,4740,18.49,8421,13.11,1527,13.12,1864
397,2020-12-02 10:50:59.269226-05:00,18.48,5172,18.49,8341,13.11,1638,13.12,1704
398,2020-12-02 10:51:09.077049-05:00,18.48,5533,18.49,11198,13.11,1792,13.12,1669
399,2020-12-02 10:51:19.096224-05:00,18.48,5538,18.49,11196,13.11,1796,13.12,1627
400,2020-12-02 10:51:29.273178-05:00,18.48,6298,18.49,10937,13.11,2364,13.12,1260
401,2020-12-02 10:51:39.090185-05:00,18.48,6492,18.49,11107,13.11,2316,13.12,1226
402,2020-12-02 10:51:49.109657-05:00,18.48,6482,18.49,11248,13.11,2299,13.12,1218
403,2020-12-02 10:51:59.192920-05:00,18.48,9359,18.49,8064,13.11,2709,13.12,903
404,2020-12-02 10:52:09.105911-05:00,18.48,9269,18.49,8079,13.11,2769,13.12,833
405,2020-12-02 10:52:18.116438-05:00,18.48,9475,18.49,6256,13.11,2769,13.12,833
406,2020-12-02 10:52:18.116438-05:00,18.48,9475,18.49,6256,13.11,2686,13.12,501
407,2020-12-02 10:52:29.139551-05:00,18.48,9293,18.49,7910,13.11,2574,13.12,992
408,2020-12-02 10:52:39.231924-05:00,18.48,8200,18.49,10377,13.11,2502,13.12,1243
409,2020-12-02 10:52:49.250621-05:00,18.48,8295,18.49,10072,13.11,2554,13.12,1192
410,2020-12-02 10:52:59.281268-05:00,18.48,9422,18.49,6282,13.11,2747,13.12,518
411,2020-12-02 10:53:09.290449-05:00,18.48,9423,18.49,6277,13.11,2777,13.12,512
412,2020-12-02 10:53:19.059172-05:00,18.48,6493,18.49,11066,13.11,2349,13.12,1276
413,2020-12-02 10:53:29.255970-05:00,18.48,6499,18.49,11042,13.11,2306,13.12,1360
414,2020-12-02 10:53:39.275996-05:00,18.48,6712,18.49,10289,13.11,2490,13.12,1327
415,2020-12-02 10:53:49.043697-05:00,18.48,5941,18.49,11128,13.11,1928,13.12,1447
416,2020-12-02 10:53:49.043697-05:00,18.48,5941,18.49,11128,13.11,1930,13.12,1446
417,2020-12-02 10:53:59.084163-05:00,18.48,5937,18.49,11117,13.11,1930,13.12,1446
418,2020-12-02 10:54:09.118779-05:00,18.48,5910,18.49,11121,13.11,2050,13.12,1446
419,2020-12-02 10:54:17.072767-05:00,18.48,6473,18.49,11177,13.11,2143,13.12,1393
420,2020-12-02 10:54:17.072767-05:00,18.48,6473,18.49,11177,13.11,2004,13.12,1597
421,2020-12-02 10:54:29.099602-05:00,18.48,5938,18.49,11173,13.11,2004,13.12,1597
422,2020-12-02 10:54:39.184207-05:00,18.48,6278,18.49,10436,13.11,2122,13.12,1094
423,2020-12-02 10:54:48.236182-05:00,18.48,5521,18.49,11347,13.11,2122,13.12,1094
424,2020-12-02 10:54:48.236182-05:00,18.48,5521,18.49,11347,13.11,1741,13.12,2066
425,2020-12-02 10:54:59.080860-05:00,18.48,5346,18.49,11331,13.11,1737,13.12,2197
426,2020-12-02 10:55:09.274892-05:00,18.48,5122,18.49,11464,13.11,1682,13.12,2056
427,2020-12-02 10:55:19.264600-05:00,18.48,6706,18.49,10966,13.11,2377,13.12,1242
428,2020-12-02 10:55:26.184826-05:00,18.48,6706,18.49,10966,13.11,1840,13.12,1435
429,2020-12-02 10:55:29.193402-05:00,18.48,5978,18.49,11151,13.11,1840,13.12,1435
430,2020-12-02 10:55:39.186516-05:00,18.48,3905,18.49,11500,13.11,1138,13.12,2353
431,2020-12-02 10:55:49.048276-05:00,18.48,4271,18.49,11466,13.11,1499,13.12,2228
432,2020-12-02 10:55:59.068028-05:00,18.48,4773,18.49,11466,13.11,1569,13.12,2214
433,2020-12-02 10:56:09.089031-05:00,18.48,4879,18.49,11430,13.11,1569,13.12,2215
434,2020-12-02 10:56:19.108430-05:00,18.48,4798,18.49,11462,13.11,1573,13.12,2222
435,2020-12-02 10:56:29.154953-05:00,18.48,3932,18.49,11462,13.11,1067,13.12,2258
436,2020-12-02 10:56:39.174904-05:00,18.48,2807,18.49,11273,13.11,378,13.12,1972
437,2020-12-02 10:56:49.194092-05:00,18.47,8669,18.48,14480,13.1,1721,13.11,2879
438,2020-12-02 10:56:49.194092-05:00,18.47,8669,18.48,14480,13.1,1775,13.11,2923
439,2020-12-02 10:56:59.205096-05:00,18.47,8723,18.48,14616,13.1,1775,13.11,2923
440,2020-12-02 10:57:09.109712-05:00,18.47,8764,18.48,12996,13.1,1790,13.11,2644
441,2020-12-02 10:57:19.176024-05:00,18.47,10790,18.48,10431,13.1,2413,13.11,2283
442,2020-12-02 10:57:29.194974-05:00,18.47,10279,18.48,11337,13.1,2125,13.11,2257
443,2020-12-02 10:57:39.214115-05:00,18.47,10729,18.48,9724,13.1,2508,13.11,2200
444,2020-12-02 10:57:39.214115-05:00,18.47,10729,18.48,9724,13.1,2498,13.11,2200
445,2020-12-02 10:57:48.232111-05:00,18.47,10693,18.48,9734,13.1,2498,13.11,2200
446,2020-12-02 10:57:48.232111-05:00,18.47,10693,18.48,9734,13.1,2498,13.11,2241
447,2020-12-02 10:57:59.196203-05:00,18.47,10646,18.48,9734,13.1,2498,13.11,2241
448,2020-12-02 10:58:09.213868-05:00,18.47,10479,18.48,10710,13.1,2115,13.11,2343
449,2020-12-02 10:58:19.234738-05:00,18.47,9711,18.48,12307,13.1,1791,13.11,2714
450,2020-12-02 10:58:29.319656-05:00,18.47,9565,18.48,13148,13.1,1781,13.11,2715
451,2020-12-02 10:58:39.045045-05:00,18.47,9396,18.48,14106,13.1,1754,13.11,3084
452,2020-12-02 10:58:49.167603-05:00,18.47,9365,18.48,14047,13.1,1753,13.11,3068
453,2020-12-02 10:58:58.182852-05:00,18.47,7407,18.48,14675,13.1,1753,13.11,3068
454,2020-12-02 10:58:58.182852-05:00,18.47,7407,18.48,14675,13.1,1596,13.11,3095
455,2020-12-02 10:59:09.200613-05:00,18.47,6247,18.48,14818,13.09,2978,13.1,769
456,2020-12-02 10:59:19.220155-05:00,18.47,6862,18.48,14725,13.09,2981,13.1,745
457,2020-12-02 10:59:29.132589-05:00,18.47,5845,18.48,14410,13.09,2661,13.1,1326
458,2020-12-02 10:59:38.235033-05:00,18.47,6470,18.48,13958,13.09,2661,13.1,1326
459,2020-12-02 10:59:38.235033-05:00,18.47,6470,18.48,13958,13.09,2913,13.1,1120
460,2020-12-02 10:59:49.165385-05:00,18.46,10206,18.47,10393,13.09,1596,13.1,2445
461,2020-12-02 10:59:59.182051-05:00,18.46,10555,18.47,10391,13.09,1768,13.1,2396
462,2020-12-02 11:00:09.198882-05:00,18.46,10180,18.47,9827,13.09,1654,13.1,2476
463,2020-12-02 11:00:13.204952-05:00,18.46,10180,18.47,9827,13.09,1799,13.1,2384
464,2020-12-02 11:00:19.138430-05:00,18.46,10628,18.47,9753,13.09,1799,13.1,2384
465,2020-12-02 11:00:29.159042-05:00,18.46,10897,18.47,5365,13.09,2472,13.1,1408
466,2020-12-02 11:00:36.193200-05:00,18.46,10897,18.47,5365,13.09,2958,13.1,720
467,2020-12-02 11:00:39.142724-05:00,18.47,7855,18.48,14289,13.09,2958,13.1,720
468,2020-12-02 11:00:49.199169-05:00,18.47,9426,18.48,13697,13.09,2599,13.1,780
469,2020-12-02 11:00:59.121577-05:00,18.47,10691,18.48,14010,13.09,2918,13.1,547
470,2020-12-02 11:01:09.123124-05:00,18.47,14162,18.48,7502,13.1,4132,13.11,1385
471,2020-12-02 11:01:19.201229-05:00,18.47,14143,18.48,6776,13.1,4127,13.11,1171
472,2020-12-02 11:01:29.238063-05:00,18.47,14142,18.48,6968,13.1,4136,13.11,1397
473,2020-12-02 11:01:39.183938-05:00,18.47,13967,18.48,6919,13.1,4011,13.11,1718
474,2020-12-02 11:01:49.116376-05:00,18.47,13824,18.48,7355,13.1,3860,13.11,1799
475,2020-12-02 11:01:55.127601-05:00,18.47,13824,18.48,7355,13.1,4128,13.11,1217
476,2020-12-02 11:01:59.138492-05:00,18.47,14007,18.48,7170,13.1,4128,13.11,1217
477,2020-12-02 11:02:09.156132-05:00,18.47,14787,18.48,6053,13.11,319,13.12,2699
478,2020-12-02 11:02:19.176820-05:00,18.47,13459,18.48,6759,13.1,3456,13.11,1941
479,2020-12-02 11:02:29.196765-05:00,18.47,13333,18.48,9499,13.1,3161,13.11,2409
480,2020-12-02 11:02:39.190367-05:00,18.47,12134,18.48,10258,13.1,2951,13.11,2862
481,2020-12-02 11:02:49.210933-05:00,18.47,13887,18.48,7973,13.1,3175,13.11,2325
482,2020-12-02 11:02:59.229106-05:00,18.47,14120,18.48,6309,13.1,3828,13.11,1848
483,2020-12-02 11:03:08.246884-05:00,18.47,13426,18.48,6616,13.1,3828,13.11,1848
484,2020-12-02 11:03:08.246884-05:00,18.47,13426,18.48,6616,13.1,3395,13.11,1637
485,2020-12-02 11:03:19.267149-05:00,18.47,14020,18.48,6882,13.1,3745,13.11,1882
486,2020-12-02 11:03:27.267602-05:00,18.47,14021,18.48,6904,13.1,3745,13.11,1882
487,2020-12-02 11:03:27.267602-05:00,18.47,14021,18.48,6904,13.1,3842,13.11,1835
488,2020-12-02 11:03:39.294195-05:00,18.47,14643,18.48,6222,13.1,4188,13.11,643
489,2020-12-02 11:03:49.115508-05:00,18.47,14810,18.48,6440,13.1,4187,13.11,931
490,2020-12-02 11:03:59.258806-05:00,18.47,14921,18.48,6355,13.1,4045,13.11,793
491,2020-12-02 11:04:09.216503-05:00,18.47,15116,18.48,5257,13.1,4258,13.11,557
492,2020-12-02 11:04:19.324998-05:00,18.47,15256,18.48,2496,13.11,2645,13.12,2316
493,2020-12-02 11:04:29.256781-05:00,18.47,15217,18.48,4024,13.11,2649,13.12,2228
494,2020-12-02 11:04:39.131773-05:00,18.47,15180,18.48,3962,13.11,2424,13.12,2247
495,2020-12-02 11:04:49.328216-05:00,18.47,15222,18.48,3290,13.11,2422,13.12,2247
496,2020-12-02 11:04:59.277032-05:00,18.48,8033,18.49,12395,13.11,3137,13.12,1403
497,2020-12-02 11:05:09.294087-05:00,18.48,12159,18.49,8147,13.12,2515,13.13,1744
498,2020-12-02 11:05:19.061393-05:00,18.49,7543,18.5,13756,13.12,3091,13.13,1178
499,2020-12-02 11:05:29.235363-05:00,18.49,7609,18.5,13908,13.12,3154,13.13,1168
500,2020-12-02 11:05:39.254657-05:00,18.48,12702,18.49,8601,13.12,2070,13.13,2124
501,2020-12-02 11:05:49.277229-05:00,18.48,13076,18.49,8490,13.12,2435,13.13,1478
502,2020-12-02 11:05:59.186468-05:00,18.48,13093,18.49,8592,13.12,2069,13.13,2178
503,2020-12-02 11:06:09.294363-05:00,18.48,13032,18.49,7914,13.12,2269,13.13,1743
504,2020-12-02 11:06:19.131213-05:00,18.48,13032,18.49,7683,13.12,2204,13.13,1880
505,2020-12-02 11:06:29.083587-05:00,18.48,13070,18.49,8156,13.12,2107,13.13,1988
506,2020-12-02 11:06:39.104584-05:00,18.48,13223,18.49,8107,13.12,2438,13.13,1392
507,2020-12-02 11:06:49.067292-05:00,18.48,12509,18.49,7580,13.12,1794,13.13,1824
508,2020-12-02 11:06:59.043944-05:00,18.48,13034,18.49,7891,13.12,2053,13.13,2066
509,2020-12-02 11:07:09.054030-05:00,18.48,12975,18.49,7923,13.12,1929,13.13,2246
510,2020-12-02 11:07:19.072235-05:00,18.48,12839,18.49,7923,13.12,1865,13.13,2247
511,2020-12-02 11:07:29.128040-05:00,18.48,12679,18.49,7942,13.12,1941,13.13,2242
512,2020-12-02 11:07:39.200691-05:00,18.48,12691,18.49,7942,13.12,1868,13.13,2250
513,2020-12-02 11:07:49.229844-05:00,18.48,12606,18.49,8849,13.12,1393,13.13,2316
514,2020-12-02 11:07:59.240252-05:00,18.48,9768,18.49,12595,13.11,3697,13.12,2623
515,2020-12-02 11:08:09.260773-05:00,18.48,8365,18.49,13088,13.11,2813,13.12,3091
516,2020-12-02 11:08:19.350355-05:00,18.48,9194,18.49,12033,13.11,3635,13.12,1819
517,2020-12-02 11:08:29.081890-05:00,18.48,8214,18.49,13215,13.11,2832,13.12,2168
518,2020-12-02 11:08:39.113941-05:00,18.48,9041,18.49,12784,13.11,3540,13.12,1910
519,2020-12-02 11:08:49.122127-05:00,18.48,7877,18.49,13117,13.11,2772,13.12,2135
520,2020-12-02 11:08:59.184704-05:00,18.48,7272,18.49,13397,13.11,2426,13.12,2779
521,2020-12-02 11:09:09.165797-05:00,18.48,7882,18.49,13119,13.11,2587,13.12,2262
522,2020-12-02 11:09:19.184387-05:00,18.48,3347,18.49,13501,13.11,2307,13.12,2829
523,2020-12-02 11:09:29.112282-05:00,18.48,6003,18.49,13089,13.11,3139,13.12,1903
524,2020-12-02 11:09:39.129734-05:00,18.48,7161,18.49,13041,13.11,3393,13.12,1909
525,2020-12-02 11:09:49.156498-05:00,18.48,3239,18.49,8125,13.11,2335,13.12,1062
526,2020-12-02 11:09:59.101038-05:00,18.48,7549,18.49,11974,13.11,3045,13.12,992
527,2020-12-02 11:10:09.118610-05:00,18.48,9882,18.49,8009,13.11,3419,13.12,370
528,2020-12-02 11:10:19.140522-05:00,18.48,10218,18.49,7988,13.12,2861,13.13,2482
529,2020-12-02 11:10:29.161076-05:00,18.48,10132,18.49,7988,13.12,2513,13.13,2385
530,2020-12-02 11:10:39.069271-05:00,18.48,10191,18.49,7958,13.12,2500,13.13,2203
531,2020-12-02 11:10:49.083866-05:00,18.48,10120,18.49,7983,13.12,2498,13.13,2407
532,2020-12-02 11:10:59.104221-05:00,18.48,9705,18.49,7983,13.12,2312,13.13,2436
533,2020-12-02 11:11:09.132917-05:00,18.48,9705,18.49,8007,13.12,2126,13.13,2436
534,2020-12-02 11:11:19.139623-05:00,18.48,9699,18.49,8676,13.12,1477,13.13,2553
535,2020-12-02 11:11:29.212694-05:00,18.48,9663,18.49,8677,13.12,1477,13.13,2524
536,2020-12-02 11:11:39.236760-05:00,18.48,8593,18.49,10597,13.12,1101,13.13,2646
537,2020-12-02 11:11:49.271707-05:00,18.48,6015,18.49,13089,13.11,3189,13.12,2234
538,2020-12-02 11:11:59.272758-05:00,18.48,6004,18.49,13064,13.11,3166,13.12,2236
539,2020-12-02 11:12:09.261736-05:00,18.48,5857,18.49,13103,13.11,2420,13.12,2399
540,2020-12-02 11:12:19.280520-05:00,18.48,3308,18.49,8267,13.11,2412,13.12,743
541,2020-12-02 11:12:29.049961-05:00,18.48,6776,18.49,12905,13.11,3077,13.12,1173
542,2020-12-02 11:12:39.068651-05:00,18.48,6776,18.49,12982,13.11,3001,13.12,1174
543,2020-12-02 11:12:49.177203-05:00,18.48,8110,18.49,10543,13.11,3286,13.12,748
544,2020-12-02 11:12:59.196442-05:00,18.48,5917,18.49,13198,13.11,2266,13.12,1840
545,2020-12-02 11:13:09.214773-05:00,18.48,5902,18.49,13239,13.11,2263,13.12,1603
546,2020-12-02 11:13:19.234214-05:00,18.48,2821,18.49,13702,13.11,1742,13.12,2311
547,2020-12-02 11:13:29.279489-05:00,18.48,260,18.49,14666,13.1,3477,13.11,2345
548,2020-12-02 11:13:38.043664-05:00,18.48,3236,18.49,13518,13.1,3477,13.11,2345
549,2020-12-02 11:13:38.043664-05:00,18.48,3236,18.49,13518,13.1,3048,13.11,1177
550,2020-12-02 11:13:49.078756-05:00,18.47,13333,18.48,8003,13.1,3255,13.11,1605
551,2020-12-02 11:13:59.116598-05:00,18.47,13517,18.48,7457,13.1,3379,13.11,1175
552,2020-12-02 11:14:09.098743-05:00,18.47,13710,18.48,4696,13.11,1479,13.12,2962
553,2020-12-02 11:14:19.199210-05:00,18.47,13266,18.48,5538,13.11,298,13.12,3215
554,2020-12-02 11:14:29.325441-05:00,18.47,13264,18.48,5538,13.1,3464,13.11,2529
555,2020-12-02 11:14:39.256273-05:00,18.47,12887,18.48,7180,13.1,3086,13.11,2639
556,2020-12-02 11:14:49.240827-05:00,18.47,13277,18.48,6531,13.1,3343,13.11,2328
557,2020-12-02 11:14:59.261469-05:00,18.47,12886,18.48,6547,13.1,3252,13.11,2450
558,2020-12-02 11:15:09.202466-05:00,18.47,3441,18.48,12217,13.09,2375,13.1,2016
559,2020-12-02 11:15:19.221896-05:00,18.47,3442,18.48,12198,13.09,2378,13.1,1753
560,2020-12-02 11:15:29.242926-05:00,18.47,4919,18.48,12064,13.09,2600,13.1,908
561,2020-12-02 11:15:39.366344-05:00,18.47,4943,18.48,11978,13.09,2599,13.1,1106
562,2020-12-02 11:15:49.060957-05:00,18.47,4390,18.48,12196,13.09,2475,13.1,1765
563,2020-12-02 11:15:59.336421-05:00,18.47,4930,18.48,12064,13.09,2587,13.1,1276
564,2020-12-02 11:16:09.191986-05:00,18.47,2228,18.48,7595,13.09,1734,13.1,603
565,2020-12-02 11:16:19.207902-05:00,18.47,2476,18.48,12447,13.09,1926,13.1,2004
566,2020-12-02 11:16:29.286925-05:00,18.46,11518,18.47,9321,13.09,1857,13.1,1981
567,2020-12-02 11:16:39.373410-05:00,18.46,10898,18.47,9387,13.09,1298,13.1,2761
568,2020-12-02 11:16:49.102373-05:00,18.46,10882,18.47,9383,13.09,1224,13.1,2753
569,2020-12-02 11:16:59.075507-05:00,18.46,10881,18.47,9325,13.09,1169,13.1,2915
570,2020-12-02 11:17:09.103571-05:00,18.46,10904,18.47,9341,13.09,1176,13.1,2887
571,2020-12-02 11:17:19.310371-05:00,18.46,10904,18.47,9351,13.09,1079,13.1,2980
572,2020-12-02 11:17:27.296211-05:00,18.46,10904,18.47,9351,13.09,1041,13.1,2995
573,2020-12-02 11:17:29.269317-05:00,18.46,10904,18.47,9463,13.09,1041,13.1,2995
574,2020-12-02 11:17:39.287785-05:00,18.46,9664,18.47,10505,13.09,1005,13.1,3144
575,2020-12-02 11:17:49.057450-05:00,18.46,7742,18.47,13917,13.08,2424,13.09,2775
576,2020-12-02 11:17:59.228034-05:00,18.46,7575,18.47,14426,13.08,2331,13.09,2676
577,2020-12-02 11:18:09.295198-05:00,18.46,6765,18.47,14617,13.08,1554,13.09,3443
578,2020-12-02 11:18:19.060302-05:00,18.46,6930,18.47,14484,13.08,1671,13.09,2752
579,2020-12-02 11:18:29.079970-05:00,18.46,6765,18.47,14617,13.08,1596,13.09,3182
580,2020-12-02 11:18:39.100076-05:00,18.46,6288,18.47,14885,13.08,1537,13.09,3490
581,2020-12-02 11:18:49.217440-05:00,18.46,6312,18.47,14894,13.08,1547,13.09,3463
582,2020-12-02 11:18:59.205796-05:00,18.46,6829,18.47,14527,13.08,1621,13.09,2867
583,2020-12-02 11:18:59.205796-05:00,18.46,6829,18.47,14527,13.08,2747,13.09,1426
584,2020-12-02 11:19:09.208666-05:00,18.46,10816,18.47,9622,13.08,2747,13.09,1426
585,2020-12-02 11:19:19.229113-05:00,18.46,8862,18.47,13489,13.08,2472,13.09,2191
586,2020-12-02 11:19:29.236818-05:00,18.46,6784,18.47,14509,13.08,1729,13.09,3091
587,2020-12-02 11:19:38.267079-05:00,18.46,2049,18.47,10563,13.08,1729,13.09,3091
588,2020-12-02 11:19:38.267079-05:00,18.46,2049,18.47,10563,13.08,1084,13.09,2005
589,2020-12-02 11:19:38.267079-05:00,18.46,2049,18.47,10563,13.08,1614,13.09,2086
590,2020-12-02 11:19:49.273954-05:00,18.46,5128,18.47,14883,13.08,1614,13.09,2086
591,2020-12-02 11:19:59.055104-05:00,18.46,2160,18.47,10423,13.08,1384,13.09,1657
592,2020-12-02 11:20:09.089438-05:00,18.46,7918,18.47,14080,13.08,2426,13.09,2004
593,2020-12-02 11:20:19.276762-05:00,18.46,8442,18.47,10491,13.08,2161,13.09,1179
594,2020-12-02 11:20:29.168214-05:00,18.46,8235,18.47,13912,13.08,2488,13.09,1481
595,2020-12-02 11:20:39.169158-05:00,18.46,9045,18.47,10935,13.08,2390,13.09,1253
596,2020-12-02 11:20:49.132464-05:00,18.46,9039,18.47,11103,13.08,2358,13.09,1530
597,2020-12-02 11:20:59.081669-05:00,18.46,9351,18.47,10469,13.08,2486,13.09,1050
598,2020-12-02 11:21:09.217140-05:00,18.46,8213,18.47,13719,13.08,2449,13.09,1417
599,2020-12-02 11:21:19.237205-05:00,18.46,9035,18.47,11023,13.08,2476,13.09,1217
600,2020-12-02 11:21:29.269182-05:00,18.46,9350,18.47,9967,13.08,2535,13.09,1033
601,2020-12-02 11:21:39.305521-05:00,18.46,9795,18.47,9839,13.09,2190,13.1,2755
602,2020-12-02 11:21:49.241895-05:00,18.46,9765,18.47,9887,13.09,1872,13.1,2938
603,2020-12-02 11:21:59.072570-05:00,18.46,9797,18.47,9859,13.09,1939,13.1,2428
604,2020-12-02 11:22:09.091601-05:00,18.46,9759,18.47,9944,13.09,1870,13.1,2846
605,2020-12-02 11:22:17.070159-05:00,18.46,9475,18.47,9901,13.09,1870,13.1,2846
606,2020-12-02 11:22:17.070159-05:00,18.46,9475,18.47,9901,13.09,1700,13.1,3026
607,2020-12-02 11:22:29.181165-05:00,18.46,9269,18.47,10656,13.09,1245,13.1,3073
608,2020-12-02 11:22:39.075294-05:00,18.46,9017,18.47,11019,13.09,979,13.1,3098
609,2020-12-02 11:22:49.098515-05:00,18.46,9193,18.47,10141,13.09,1114,13.1,3051
610,2020-12-02 11:22:59.075534-05:00,18.46,9411,18.47,9925,13.09,1434,13.1,3030
611,2020-12-02 11:23:08.179886-05:00,18.46,9017,18.47,11007,13.09,1434,13.1,3030
612,2020-12-02 11:23:08.179886-05:00,18.46,9017,18.47,11007,13.09,1020,13.1,3120
613,2020-12-02 11:23:19.145583-05:00,18.46,9316,18.47,9905,13.09,1412,13.1,3018
614,2020-12-02 11:23:29.094694-05:00,18.46,9295,18.47,10537,13.09,1402,13.1,3009
615,2020-12-02 11:23:39.116918-05:00,18.46,9023,18.47,10955,13.09,987,13.1,3054
616,2020-12-02 11:23:49.251637-05:00,18.46,9023,18.47,10973,13.09,1089,13.1,3054
617,2020-12-02 11:23:59.221061-05:00,18.46,9355,18.47,9915,13.09,1414,13.1,3040
618,2020-12-02 11:24:09.243813-05:00,18.46,9016,18.47,11017,13.09,1125,13.1,3070
619,2020-12-02 11:24:17.261141-05:00,18.46,9014,18.47,10942,13.09,1125,13.1,3070
620,2020-12-02 11:24:17.261141-05:00,18.46,9014,18.47,10942,13.09,1099,13.1,3068
621,2020-12-02 11:24:29.226179-05:00,18.46,9381,18.47,9942,13.09,1421,13.1,3053
622,2020-12-02 11:24:39.248440-05:00,18.46,9025,18.47,10943,13.09,1093,13.1,3091
623,2020-12-02 11:24:49.061173-05:00,18.46,9730,18.47,9894,13.09,1542,13.1,3001
624,2020-12-02 11:24:59.159909-05:00,18.46,9405,18.47,9831,13.09,1415,13.1,3025
625,2020-12-02 11:25:09.170564-05:00,18.46,8976,18.47,11017,13.09,968,13.1,3103
626,2020-12-02 11:25:19.279193-05:00,18.46,9036,18.47,10722,13.09,954,13.1,3069
627,2020-12-02 11:25:29.181017-05:00,18.46,7547,18.47,14830,13.09,321,13.1,3211
628,2020-12-02 11:25:39.198544-05:00,18.46,7910,18.47,13957,13.08,2683,13.09,2237
629,2020-12-02 11:25:48.068765-05:00,18.46,6710,18.47,14388,13.08,2683,13.09,2237
630,2020-12-02 11:25:48.068765-05:00,18.46,6710,18.47,14388,13.08,2428,13.09,2229
631,2020-12-02 11:25:59.151732-05:00,18.46,5794,18.47,14408,13.08,2009,13.09,2131
632,2020-12-02 11:26:09.171181-05:00,18.46,5289,18.47,14974,13.08,1855,13.09,2559
633,2020-12-02 11:26:19.165524-05:00,18.46,5152,18.47,14937,13.08,2251,13.09,2395
634,2020-12-02 11:26:29.186283-05:00,18.46,7621,18.47,10418,13.08,2254,13.09,967
635,2020-12-02 11:26:39.209058-05:00,18.46,7399,18.47,14132,13.08,2549,13.09,1619
636,2020-12-02 11:26:49.135185-05:00,18.46,1902,18.47,9867,13.08,1420,13.09,1047
637,2020-12-02 11:26:59.146108-05:00,18.46,2521,18.47,10505,13.08,1732,13.09,1268
638,2020-12-02 11:27:09.136996-05:00,18.46,6070,18.47,14893,13.08,2310,13.09,1735
639,2020-12-02 11:27:19.137743-05:00,18.46,5546,18.47,14971,13.08,2083,13.09,1779
640,2020-12-02 11:27:29.162841-05:00,18.46,4481,18.47,15432,13.08,1467,13.09,2317
641,2020-12-02 11:27:39.447763-05:00,18.46,4322,18.47,15224,13.08,1369,13.09,2687
642,2020-12-02 11:27:43.338044-05:00,18.46,4321,18.47,15215,13.08,1369,13.09,2687
643,2020-12-02 11:27:43.338044-05:00,18.46,4321,18.47,15215,13.08,1354,13.09,2743
644,2020-12-02 11:27:59.312086-05:00,18.46,1992,18.47,14744,13.08,484,13.09,2511
645,2020-12-02 11:28:09.052437-05:00,18.46,1451,18.47,15503,13.08,421,13.09,2976
646,2020-12-02 11:28:19.178126-05:00,18.45,10886,18.46,9687,13.07,2236,13.08,2857
647,2020-12-02 11:28:28.234625-05:00,18.45,10885,18.46,9541,13.07,2236,13.08,2857
648,2020-12-02 11:28:29.316117-05:00,18.45,10885,18.46,9541,13.07,2281,13.08,2640
649,2020-12-02 11:28:38.092687-05:00,18.45,11159,18.46,8152,13.07,2281,13.08,2640
650,2020-12-02 11:28:38.092687-05:00,18.45,11159,18.46,8152,13.07,2520,13.08,2608
651,2020-12-02 11:28:49.093717-05:00,18.45,11131,18.46,8274,13.07,2495,13.08,2624
652,2020-12-02 11:28:59.043236-05:00,18.45,11128,18.46,8432,13.07,2517,13.08,2633
653,2020-12-02 11:29:09.245578-05:00,18.45,7907,18.46,12694,13.07,1630,13.08,3328
654,2020-12-02 11:29:19.186761-05:00,18.45,8564,18.46,12738,13.07,1589,13.08,3306
655,2020-12-02 11:29:29.230150-05:00,18.45,11498,18.46,8021,13.07,2483,13.08,2211
656,2020-12-02 11:29:39.251582-05:00,18.45,11105,18.46,8366,13.07,2479,13.08,2297
657,2020-12-02 11:29:49.195043-05:00,18.45,11559,18.46,7886,13.07,2482,13.08,2066
658,2020-12-02 11:29:59.087184-05:00,18.45,11646,18.46,6940,13.07,3097,13.08,950
659,2020-12-02 11:30:09.055060-05:00,18.45,11857,18.46,2532,13.08,1930,13.09,2707
660,2020-12-02 11:30:19.123086-05:00,18.45,12591,18.46,2277,13.08,1896,13.09,2513
661,2020-12-02 11:30:29.283079-05:00,18.46,10924,18.47,12769,13.08,2844,13.09,1360
662,2020-12-02 11:30:39.054927-05:00,18.46,9038,18.47,12895,13.08,2827,13.09,1422
663,2020-12-02 11:30:49.252740-05:00,18.46,10892,18.47,12897,13.08,2859,13.09,1388
664,2020-12-02 11:30:58.146694-05:00,18.46,7164,18.47,13962,13.08,2859,13.09,1388
665,2020-12-02 11:30:59.150303-05:00,18.46,7164,18.47,13962,13.08,2518,13.09,1820
666,2020-12-02 11:31:09.201815-05:00,18.46,10856,18.47,10374,13.08,3084,13.09,741
667,2020-12-02 11:31:18.071875-05:00,18.46,9200,18.47,12824,13.08,3084,13.09,741
668,2020-12-02 11:31:18.071875-05:00,18.46,9200,18.47,12824,13.08,3050,13.09,1230
669,2020-12-02 11:31:29.095741-05:00,18.46,8046,18.47,13006,13.08,3036,13.09,1292
670,2020-12-02 11:31:39.071254-05:00,18.46,10149,18.47,11484,13.08,3046,13.09,923
671,2020-12-02 11:31:49.096118-05:00,18.46,10221,18.47,10211,13.08,2730,13.09,854
672,2020-12-02 11:31:59.121531-05:00,18.46,11337,18.47,9860,13.08,3223,13.09,555
673,2020-12-02 11:32:03.134677-05:00,18.46,9285,18.47,12894,13.08,3223,13.09,555
674,2020-12-02 11:32:03.134677-05:00,18.46,9285,18.47,12894,13.08,3080,13.09,1214
675,2020-12-02 11:32:19.215462-05:00,18.46,9312,18.47,12846,13.08,3106,13.09,1122
676,2020-12-02 11:32:29.241144-05:00,18.46,11312,18.47,9797,13.08,3189,13.09,569
677,2020-12-02 11:32:39.104084-05:00,18.46,11030,18.47,9781,13.08,3235,13.09,620
678,2020-12-02 11:32:49.208958-05:00,18.46,10902,18.47,10533,13.08,3128,13.09,947
679,2020-12-02 11:32:59.045040-05:00,18.46,9291,18.47,12027,13.08,3146,13.09,1269
680,2020-12-02 11:33:09.187942-05:00,18.46,7971,18.47,12876,13.08,2994,13.09,1358
681,2020-12-02 11:33:09.187942-05:00,18.46,7971,18.47,12876,13.08,3119,13.09,966
682,2020-12-02 11:33:19.162937-05:00,18.46,10921,18.47,10357,13.08,3119,13.09,966
683,2020-12-02 11:33:29.186625-05:00,18.46,10917,18.47,10344,13.08,3120,13.09,960
684,2020-12-02 11:33:39.209051-05:00,18.46,10084,18.47,12061,13.08,3081,13.09,1336
685,2020-12-02 11:33:49.107888-05:00,18.46,3841,18.47,8148,13.08,2270,13.09,967
686,2020-12-02 11:33:58.149075-05:00,18.46,9508,18.47,6500,13.08,3036,13.09,680
687,2020-12-02 11:34:09.217405-05:00,18.46,9776,18.47,9584,13.08,3023,13.09,865
688,2020-12-02 11:34:18.238983-05:00,18.46,10323,18.47,9342,13.08,3023,13.09,865
689,2020-12-02 11:34:18.238983-05:00,18.46,10323,18.47,9342,13.08,3080,13.09,764
690,2020-12-02 11:34:18.238983-05:00,18.46,10323,18.47,9342,13.08,3084,13.09,765
691,2020-12-02 11:34:29.201489-05:00,18.46,10257,18.47,9332,13.08,3084,13.09,765
692,2020-12-02 11:34:38.194560-05:00,18.46,10284,18.47,9352,13.08,3084,13.09,765
693,2020-12-02 11:34:38.194560-05:00,18.46,10284,18.47,9352,13.08,3068,13.09,778
694,2020-12-02 11:34:49.083015-05:00,18.46,10511,18.47,8413,13.09,2574,13.1,1536
695,2020-12-02 11:34:59.080734-05:00,18.46,10291,18.47,9370,13.09,2008,13.1,2786
696,2020-12-02 11:35:09.207870-05:00,18.46,9179,18.47,11887,13.08,3125,13.09,1552
697,2020-12-02 11:35:19.162364-05:00,18.46,7285,18.47,12791,13.08,2944,13.09,1835
698,2020-12-02 11:35:29.257374-05:00,18.46,9431,18.47,11884,13.08,3098,13.09,958
699,2020-12-02 11:35:39.122460-05:00,18.46,7283,18.47,12857,13.08,2959,13.09,1554
700,2020-12-02 11:35:49.144172-05:00,18.46,10009,18.47,9982,13.08,3102,13.09,827
701,2020-12-02 11:35:58.039701-05:00,18.46,9474,18.47,9962,13.08,3102,13.09,827
702,2020-12-02 11:35:59.041555-05:00,18.46,9474,18.47,9962,13.08,3106,13.09,881
703,2020-12-02 11:36:08.163688-05:00,18.46,6589,18.47,12899,13.08,3106,13.09,881
704,2020-12-02 11:36:08.163688-05:00,18.46,6589,18.47,12899,13.08,2890,13.09,1474
705,2020-12-02 11:36:19.208451-05:00,18.46,1549,18.47,8872,13.08,1359,13.09,1662
706,2020-12-02 11:36:29.229788-05:00,18.46,4645,18.47,12673,13.08,1702,13.09,2415
707,2020-12-02 11:36:39.180561-05:00,18.46,4494,18.47,13359,13.08,1662,13.09,2429
708,2020-12-02 11:36:49.171879-05:00,18.46,4373,18.47,13462,13.08,1644,13.09,2450
709,2020-12-02 11:36:59.191716-05:00,18.46,5026,18.47,13349,13.08,1831,13.09,1829
710,2020-12-02 11:37:09.214568-05:00,18.46,4986,18.47,13366,13.08,1836,13.09,2162
711,2020-12-02 11:37:19.239120-05:00,18.46,3546,18.47,13480,13.08,1404,13.09,2520
712,2020-12-02 11:37:29.194843-05:00,18.45,11573,18.46,8765,13.08,6,13.09,2699
713,2020-12-02 11:37:39.218428-05:00,18.45,10600,18.46,8085,13.07,2536,13.08,1943
714,2020-12-02 11:37:49.240368-05:00,18.45,10892,18.46,9383,13.07,2446,13.08,2239
715,2020-12-02 11:37:59.265757-05:00,18.45,11103,18.46,9097,13.07,2664,13.08,2187
716,2020-12-02 11:38:06.031022-05:00,18.45,10868,18.46,9525,13.07,2664,13.08,2187
717,2020-12-02 11:38:06.031022-05:00,18.45,10868,18.46,9525,13.07,2454,13.08,2212
718,2020-12-02 11:38:18.139774-05:00,18.45,9225,18.46,12012,13.07,2454,13.08,2212
719,2020-12-02 11:38:18.139774-05:00,18.45,9225,18.46,12012,13.07,1941,13.08,2882
720,2020-12-02 11:38:29.178362-05:00,18.45,11545,18.46,8361,13.07,2752,13.08,2010
721,2020-12-02 11:38:39.179711-05:00,18.45,10930,18.46,8010,13.07,2407,13.08,1810
722,2020-12-02 11:38:49.200208-05:00,18.45,11619,18.46,7786,13.07,2965,13.08,652
723,2020-12-02 11:38:59.263181-05:00,18.45,11915,18.46,3693,13.07,3409,13.08,722
724,2020-12-02 11:39:09.313867-05:00,18.45,11816,18.46,5092,13.07,3315,13.08,702
725,2020-12-02 11:39:18.051566-05:00,18.45,11630,18.46,5878,13.07,3315,13.08,702
726,2020-12-02 11:39:18.051566-05:00,18.45,11630,18.46,5878,13.07,3306,13.08,796
727,2020-12-02 11:39:29.185678-05:00,18.45,11468,18.46,4653,13.07,3327,13.08,620
728,2020-12-02 11:39:39.119134-05:00,18.45,11883,18.46,4183,13.07,3316,13.08,400
729,2020-12-02 11:39:49.157579-05:00,18.45,11807,18.46,4261,13.08,2667,13.09,2530
730,2020-12-02 11:39:49.157579-05:00,18.45,11807,18.46,4261,13.08,3179,13.09,1580
731,2020-12-02 11:39:59.179926-05:00,18.45,12715,18.46,1022,13.08,3179,13.09,1580
732,2020-12-02 11:40:09.205471-05:00,18.46,10281,18.47,13918,13.08,3269,13.09,1556
733,2020-12-02 11:40:19.230234-05:00,18.46,9530,18.47,13922,13.08,3037,13.09,1667
734,2020-12-02 11:40:29.141573-05:00,18.46,7799,18.47,14502,13.08,2688,13.09,2424
735,2020-12-02 11:40:38.157028-05:00,18.46,3252,18.47,14726,13.08,2688,13.09,2424
736,2020-12-02 11:40:38.157028-05:00,18.46,3252,18.47,14726,13.08,2243,13.09,2476
737,2020-12-02 11:40:49.178618-05:00,18.46,3622,18.47,14869,13.08,2182,13.09,2446
738,2020-12-02 11:40:59.299375-05:00,18.46,4605,18.47,14801,13.08,2449,13.09,2434
739,2020-12-02 11:41:09.175577-05:00,18.46,5153,18.47,14258,13.08,2501,13.09,2344
740,2020-12-02 11:41:18.195919-05:00,18.46,5135,18.47,14287,13.08,2501,13.09,2344
741,2020-12-02 11:41:18.195919-05:00,18.46,5135,18.47,14287,13.08,2649,13.09,2108
742,2020-12-02 11:41:29.301074-05:00,18.46,5139,18.47,14270,13.08,2590,13.09,1923
743,2020-12-02 11:41:39.243723-05:00,18.46,7912,18.47,10359,13.08,3219,13.09,1004
744,2020-12-02 11:41:49.373399-05:00,18.46,9337,18.47,10900,13.08,3534,13.09,786
745,2020-12-02 11:41:59.201078-05:00,18.46,8211,18.47,13175,13.08,3388,13.09,1236
746,2020-12-02 11:42:09.224638-05:00,18.46,7622,18.47,13300,13.08,3393,13.09,1224
747,2020-12-02 11:42:19.249920-05:00,18.46,6562,18.47,13273,13.08,3391,13.09,1236
748,2020-12-02 11:42:29.274394-05:00,18.46,7632,18.47,13318,13.08,3385,13.09,1310
749,2020-12-02 11:42:39.234619-05:00,18.46,7670,18.47,13132,13.08,3387,13.09,1292
750,2020-12-02 11:42:49.036848-05:00,18.46,6403,18.47,13866,13.08,3299,13.09,1403
751,2020-12-02 11:42:59.106572-05:00,18.46,7622,18.47,13410,13.08,3393,13.09,1373
752,2020-12-02 11:43:08.118000-05:00,18.46,5888,18.47,14019,13.08,3393,13.09,1373
753,2020-12-02 11:43:08.118000-05:00,18.46,5888,18.47,14019,13.08,3139,13.09,1402
754,2020-12-02 11:43:18.083790-05:00,18.46,5598,18.47,14037,13.08,3139,13.09,1402
755,2020-12-02 11:43:18.083790-05:00,18.46,5598,18.47,14037,13.08,2644,13.09,1710
756,2020-12-02 11:43:29.109362-05:00,18.46,1270,18.47,8987,13.08,1735,13.09,1519
757,2020-12-02 11:43:39.145978-05:00,18.46,1491,18.47,8092,13.08,1758,13.09,1053
758,2020-12-02 11:43:49.158350-05:00,18.46,1802,18.47,13027,13.08,2138,13.09,1542
759,2020-12-02 11:43:59.113029-05:00,18.46,4820,18.47,13050,13.08,2300,13.09,2046
760,2020-12-02 11:44:09.086575-05:00,18.46,4085,18.47,12699,13.08,1979,13.09,1934
761,2020-12-02 11:44:18.160247-05:00,18.46,4398,18.47,13279,13.08,2192,13.09,2219
762,2020-12-02 11:44:29.220838-05:00,18.46,3322,18.47,13307,13.08,2020,13.09,2251
763,2020-12-02 11:44:39.121911-05:00,18.46,4314,18.47,13362,13.08,2186,13.09,2185
764,2020-12-02 11:44:49.189852-05:00,18.46,4297,18.47,13337,13.08,2186,13.09,2173
765,2020-12-02 11:44:59.169645-05:00,18.46,3323,18.47,12721,13.08,1741,13.09,1922
766,2020-12-02 11:45:09.190235-05:00,18.46,859,18.47,8563,13.08,725,13.09,1495
767,2020-12-02 11:45:19.214434-05:00,18.45,10235,18.46,10100,13.07,2540,13.08,2495
768,2020-12-02 11:45:29.116811-05:00,18.45,10007,18.46,9716,13.07,2734,13.08,2685
769,2020-12-02 11:45:39.086228-05:00,18.45,10011,18.46,9470,13.07,2796,13.08,2522
770,2020-12-02 11:45:49.108522-05:00,18.45,6531,18.46,6030,13.07,2412,13.08,159
771,2020-12-02 11:45:59.133614-05:00,18.45,10840,18.46,8489,13.07,3027,13.08,556
772,2020-12-02 11:46:09.207602-05:00,18.45,10899,18.46,5953,13.07,3088,13.08,107
773,2020-12-02 11:46:19.286047-05:00,18.45,11660,18.46,2849,13.08,2284,13.09,2316
774,2020-12-02 11:46:29.056452-05:00,18.45,12396,18.46,2479,13.08,2471,13.09,2178
775,2020-12-02 11:46:39.077927-05:00,18.45,10099,18.46,6570,13.08,24,13.09,2687
776,2020-12-02 11:46:49.099700-05:00,18.45,10706,18.46,6972,13.07,2862,13.08,2124
777,2020-12-02 11:46:59.235531-05:00,18.45,10495,18.46,5675,13.07,2672,13.08,1497
778,2020-12-02 11:47:09.217202-05:00,18.45,11821,18.46,4092,13.07,3754,13.08,108
779,2020-12-02 11:47:19.306350-05:00,18.45,10970,18.46,4878,13.08,1870,13.09,2123
780,2020-12-02 11:47:29.263185-05:00,18.45,11719,18.46,5043,13.08,2074,13.09,2365
781,2020-12-02 11:47:39.069896-05:00,18.45,11813,18.46,3974,13.08,2130,13.09,2355
782,2020-12-02 11:47:49.104799-05:00,18.45,11841,18.46,2393,13.08,2326,13.09,1758
783,2020-12-02 11:47:59.144313-05:00,18.46,9598,18.47,13761,13.08,3159,13.09,1399
784,2020-12-02 11:48:09.167028-05:00,18.46,9627,18.47,13750,13.08,3266,13.09,1072
785,2020-12-02 11:48:19.186913-05:00,18.46,4304,18.47,7895,13.08,2161,13.09,402
786,2020-12-02 11:48:29.246012-05:00,18.46,7993,18.47,12377,13.08,2953,13.09,1067
787,2020-12-02 11:48:39.081291-05:00,18.46,7993,18.47,12388,13.08,2947,13.09,1076
788,2020-12-02 11:48:39.081291-05:00,18.46,7993,18.47,12388,13.08,2965,13.09,1039
789,2020-12-02 11:48:49.111495-05:00,18.46,8009,18.47,12356,13.08,2965,13.09,1039
790,2020-12-02 11:48:59.150385-05:00,18.46,11075,18.47,8532,13.08,3287,13.09,524
791,2020-12-02 11:49:09.134618-05:00,18.46,6753,18.47,12748,13.08,2770,13.09,1413
792,2020-12-02 11:49:19.115242-05:00,18.46,6705,18.47,12756,13.08,2773,13.09,1404
793,2020-12-02 11:49:28.181723-05:00,18.46,8863,18.47,10681,13.08,2773,13.09,1404
794,2020-12-02 11:49:28.181723-05:00,18.46,8863,18.47,10681,13.08,3139,13.09,1015
795,2020-12-02 11:49:39.043166-05:00,18.46,6750,18.47,12784,13.08,2701,13.09,1435
796,2020-12-02 11:49:49.204948-05:00,18.46,4443,18.47,13175,13.08,1973,13.09,2301
797,2020-12-02 11:49:59.069837-05:00,18.46,2847,18.47,12856,13.08,1050,13.09,2154
798,2020-12-02 11:50:09.152484-05:00,18.46,4419,18.47,13474,13.08,1702,13.09,2418
799,2020-12-02 11:50:19.091766-05:00,18.46,2757,18.47,13563,13.08,1174,13.09,2499
800,2020-12-02 11:50:29.110599-05:00,18.46,4264,18.47,13379,13.08,1637,13.09,2415
801,2020-12-02 11:50:39.131288-05:00,18.46,4248,18.47,13494,13.08,1560,13.09,2432
802,2020-12-02 11:50:49.228507-05:00,18.46,3750,18.47,13730,13.08,1194,13.09,2509
803,2020-12-02 11:50:59.366593-05:00,18.46,4256,18.47,13877,13.08,1699,13.09,2413
804,2020-12-02 11:51:09.168442-05:00,18.46,6324,18.47,12949,13.08,2729,13.09,1434
805,2020-12-02 11:51:19.187860-05:00,18.46,5633,18.47,13007,13.08,2397,13.09,1489
806,2020-12-02 11:51:29.210251-05:00,18.46,5648,18.47,13068,13.08,2041,13.09,1760
807,2020-12-02 11:51:39.103369-05:00,18.46,5283,18.47,13106,13.08,1929,13.09,2083
808,2020-12-02 11:51:49.236001-05:00,18.46,6349,18.47,12976,13.08,2384,13.09,1506
809,2020-12-02 11:51:59.371981-05:00,18.46,5332,18.47,13100,13.08,1952,13.09,2334
810,2020-12-02 11:52:09.039696-05:00,18.46,4760,18.47,13217,13.08,1880,13.09,2342
811,2020-12-02 11:52:19.205392-05:00,18.46,4867,18.47,13034,13.08,1935,13.09,2166
812,2020-12-02 11:52:29.144370-05:00,18.46,4755,18.47,12733,13.08,1880,13.09,2347
813,2020-12-02 11:52:39.112248-05:00,18.46,3896,18.47,13713,13.08,1798,13.09,2387
814,2020-12-02 11:52:49.140038-05:00,18.46,3400,18.47,13718,13.08,1497,13.09,2424
815,2020-12-02 11:52:59.277658-05:00,18.46,3400,18.47,13725,13.08,1220,13.09,2495
816,2020-12-02 11:53:09.232560-05:00,18.45,9645,18.46,12880,13.07,2183,13.08,2126
817,2020-12-02 11:53:19.252463-05:00,18.45,10180,18.46,12841,13.07,2331,13.08,1965
818,2020-12-02 11:53:29.279532-05:00,18.45,10479,18.46,10626,13.07,2782,13.08,1813
819,2020-12-02 11:53:39.082285-05:00,18.45,10411,18.46,12882,13.07,2331,13.08,2001
820,2020-12-02 11:53:48.127581-05:00,18.45,7508,18.46,13883,13.07,2331,13.08,2001
821,2020-12-02 11:53:48.127581-05:00,18.45,7508,18.46,13883,13.07,2055,13.08,2487
822,2020-12-02 11:53:59.181385-05:00,18.45,7825,18.46,14418,13.07,1931,13.08,2714
823,2020-12-02 11:54:08.191664-05:00,18.45,9993,18.46,9967,13.07,1931,13.08,2714
824,2020-12-02 11:54:08.191664-05:00,18.45,9993,18.46,9967,13.07,2684,13.08,1710
825,2020-12-02 11:54:19.200093-05:00,18.45,7094,18.46,13751,13.07,1847,13.08,2592
826,2020-12-02 11:54:29.107186-05:00,18.45,7108,18.46,13755,13.07,1844,13.08,2630
827,2020-12-02 11:54:39.129882-05:00,18.45,6152,18.46,13934,13.07,1398,13.08,2704
828,2020-12-02 11:54:49.214310-05:00,18.45,6125,18.46,14026,13.07,1272,13.08,2638
829,2020-12-02 11:54:59.058939-05:00,18.45,5630,18.46,14051,13.07,907,13.08,2649
830,2020-12-02 11:55:09.083556-05:00,18.45,5612,18.46,14070,13.07,1042,13.08,2708
831,2020-12-02 11:55:19.103872-05:00,18.45,5611,18.46,14050,13.07,970,13.08,2756
832,2020-12-02 11:55:27.202476-05:00,18.45,5652,18.46,14064,13.07,970,13.08,2756
833,2020-12-02 11:55:27.202476-05:00,18.45,5652,18.46,14064,13.07,1041,13.08,2732
834,2020-12-02 11:55:39.227090-05:00,18.45,6080,18.46,14096,13.07,1318,13.08,2647
835,2020-12-02 11:55:49.260987-05:00,18.45,6130,18.46,13951,13.07,1350,13.08,2634
836,2020-12-02 11:55:59.272027-05:00,18.45,6164,18.46,13947,13.07,1390,13.08,2624
837,2020-12-02 11:56:08.318068-05:00,18.45,6996,18.46,13856,13.07,1390,13.08,2624
838,2020-12-02 11:56:08.318068-05:00,18.45,6996,18.46,13856,13.07,1794,13.08,2609
839,2020-12-02 11:56:19.243464-05:00,18.45,5855,18.46,13348,13.07,1253,13.08,2301
840,2020-12-02 11:56:29.265734-05:00,18.45,6141,18.46,14017,13.07,1449,13.08,2599
841,2020-12-02 11:56:38.036087-05:00,18.45,5621,18.46,14083,13.07,1449,13.08,2599
842,2020-12-02 11:56:38.036087-05:00,18.45,5621,18.46,14083,13.07,1126,13.08,2715
843,2020-12-02 11:56:49.187903-05:00,18.45,5654,18.46,14083,13.07,1126,13.08,2680
844,2020-12-02 11:56:59.201301-05:00,18.45,6144,18.46,13980,13.07,1439,13.08,2592
845,2020-12-02 11:57:09.127895-05:00,18.45,9895,18.46,11757,13.07,2647,13.08,1737
846,2020-12-02 11:57:19.271404-05:00,18.45,9895,18.46,10694,13.07,2708,13.08,1671
847,2020-12-02 11:57:29.205526-05:00,18.45,10148,18.46,9707,13.07,2824,13.08,1642
848,2020-12-02 11:57:32.204089-05:00,18.45,10148,18.46,9707,13.07,2842,13.08,1642
849,2020-12-02 11:57:48.244665-05:00,18.45,7023,18.46,13887,13.07,2842,13.08,1642
850,2020-12-02 11:57:48.244665-05:00,18.45,7023,18.46,13887,13.07,1871,13.08,2460
851,2020-12-02 11:57:59.105699-05:00,18.45,5570,18.46,14080,13.07,1147,13.08,2776
852,2020-12-02 11:58:09.178078-05:00,18.45,6158,18.46,14030,13.07,1534,13.08,2635
853,2020-12-02 11:58:19.279217-05:00,18.45,5637,18.46,14092,13.07,1148,13.08,2729
854,2020-12-02 11:58:29.046911-05:00,18.45,8394,18.46,13192,13.07,1980,13.08,2174
855,2020-12-02 11:58:39.068040-05:00,18.45,6490,18.46,13972,13.07,1778,13.08,2716
856,2020-12-02 11:58:49.093549-05:00,18.45,6141,18.46,13949,13.07,1573,13.08,2714
857,2020-12-02 11:58:58.109596-05:00,18.45,5617,18.46,14113,13.07,1573,13.08,2714
858,2020-12-02 11:58:58.109596-05:00,18.45,5617,18.46,14113,13.07,1132,13.08,2847
859,2020-12-02 11:59:09.199220-05:00,18.45,6181,18.46,14099,13.07,1337,13.08,2737
860,2020-12-02 11:59:19.162019-05:00,18.45,1818,18.46,9573,13.07,919,13.08,1893
861,2020-12-02 11:59:29.252353-05:00,18.45,4060,18.46,13065,13.07,1063,13.08,2254
862,2020-12-02 11:59:39.273817-05:00,18.45,4783,18.46,13986,13.06,2967,13.07,1211
863,2020-12-02 11:59:49.043875-05:00,18.45,5152,18.46,13981,13.06,3360,13.07,617
864,2020-12-02 11:59:59.067940-05:00,18.45,7374,18.46,13265,13.07,2288,13.08,2480
865,2020-12-02 12:00:09.089713-05:00,18.45,9223,18.46,9496,13.07,3133,13.08,1720
866,2020-12-02 12:00:19.113078-05:00,18.45,9224,18.46,9512,13.07,3099,13.08,1749
867,2020-12-02 12:00:29.135358-05:00,18.45,6808,18.46,13016,13.07,2290,13.08,2578
868,2020-12-02 12:00:39.100016-05:00,18.45,6312,18.46,13084,13.07,2290,13.08,2587
869,2020-12-02 12:00:49.192739-05:00,18.45,9114,18.46,9669,13.07,2965,13.08,1750
870,2020-12-02 12:00:59.229089-05:00,18.45,7407,18.46,12399,13.07,2087,13.08,2255
871,2020-12-02 12:01:09.172428-05:00,18.45,5522,18.46,13622,13.07,2009,13.08,2716
872,2020-12-02 12:01:14.182582-05:00,18.45,4946,18.46,13644,13.07,2009,13.08,2716
873,2020-12-02 12:01:14.182582-05:00,18.45,4946,18.46,13644,13.07,1988,13.08,2715
874,2020-12-02 12:01:27.080794-05:00,18.45,6151,18.46,13089,13.07,1988,13.08,2715
875,2020-12-02 12:01:27.080794-05:00,18.45,6151,18.46,13089,13.07,2096,13.08,2677
876,2020-12-02 12:01:39.162905-05:00,18.45,5949,18.46,13621,13.07,1996,13.08,2710
877,2020-12-02 12:01:44.164096-05:00,18.45,4548,18.46,13752,13.07,1996,13.08,2710
878,2020-12-02 12:01:44.164096-05:00,18.45,4548,18.46,13752,13.07,1677,13.08,2777
879,2020-12-02 12:01:59.149634-05:00,18.45,5710,18.46,12283,13.07,1729,13.08,2361
880,2020-12-02 12:02:09.220324-05:00,18.45,5892,18.46,12353,13.07,1625,13.08,2548
881,2020-12-02 12:02:19.100396-05:00,18.45,1869,18.46,7892,13.07,1042,13.08,1805
882,2020-12-02 12:02:27.046474-05:00,18.45,1869,18.46,7892,13.07,967,13.08,2448
883,2020-12-02 12:02:29.051471-05:00,18.45,1898,18.46,12567,13.07,967,13.08,2448
884,2020-12-02 12:02:37.122604-05:00,18.45,1907,18.46,12567,13.07,967,13.08,2448
885,2020-12-02 12:02:46.134406-05:00,18.45,4307,18.46,12670,13.07,967,13.08,2448
886,2020-12-02 12:02:46.134406-05:00,18.45,4307,18.46,12670,13.07,1176,13.08,2511
887,2020-12-02 12:02:59.191946-05:00,18.45,4567,18.46,12232,13.07,1281,13.08,2486
888,2020-12-02 12:03:09.212338-05:00,18.45,4517,18.46,12633,13.07,1260,13.08,2442
889,2020-12-02 12:03:19.311023-05:00,18.45,4453,18.46,12633,13.07,1234,13.08,2457
890,2020-12-02 12:03:29.081684-05:00,18.45,4307,18.46,12647,13.07,1180,13.08,2454
891,2020-12-02 12:03:39.265660-05:00,18.45,4407,18.46,12646,13.07,1287,13.08,2482
892,2020-12-02 12:03:49.035693-05:00,18.45,4287,18.46,12646,13.07,1261,13.08,2467
893,2020-12-02 12:03:59.234992-05:00,18.45,4436,18.46,12646,13.07,1239,13.08,2459
894,2020-12-02 12:04:08.251400-05:00,18.45,4806,18.46,12577,13.07,1239,13.08,2459
895,2020-12-02 12:04:08.251400-05:00,18.45,4806,18.46,12577,13.07,1502,13.08,2441
896,2020-12-02 12:04:19.099848-05:00,18.45,5278,18.46,12558,13.07,1593,13.08,2427
897,2020-12-02 12:04:29.118108-05:00,18.45,4448,18.46,12660,13.07,1407,13.08,2443
898,2020-12-02 12:04:39.172052-05:00,18.45,4328,18.46,12637,13.07,1113,13.08,2510
899,2020-12-02 12:04:49.160108-05:00,18.45,4388,18.46,12621,13.07,1123,13.08,2499
900,2020-12-02 12:04:58.111592-05:00,18.45,4370,18.46,12622,13.07,1123,13.08,2499
901,2020-12-02 12:04:58.111592-05:00,18.45,4370,18.46,12622,13.07,1205,13.08,2501
902,2020-12-02 12:05:09.188232-05:00,18.45,4861,18.46,12585,13.07,1540,13.08,2452
903,2020-12-02 12:05:19.160156-05:00,18.45,4318,18.46,12642,13.07,1231,13.08,2490
904,2020-12-02 12:05:29.361382-05:00,18.45,2973,18.46,12792,13.07,537,13.08,2896
905,2020-12-02 12:05:39.209989-05:00,18.45,3750,18.46,12755,13.06,3277,13.07,2055
906,2020-12-02 12:05:49.227061-05:00,18.45,3462,18.46,12777,13.06,2803,13.07,2199
907,2020-12-02 12:05:59.197714-05:00,18.45,4076,18.46,12634,13.06,2811,13.07,1649
908,2020-12-02 12:06:09.226980-05:00,18.45,2882,18.46,12771,13.06,2745,13.07,2066
909,2020-12-02 12:06:19.248499-05:00,18.45,1890,18.46,12790,13.06,2532,13.07,2199
910,2020-12-02 12:06:29.163336-05:00,18.45,2882,18.46,12795,13.06,2528,13.07,2133
911,2020-12-02 12:06:38.058827-05:00,18.44,8261,18.45,8745,13.06,2528,13.07,2133
912,2020-12-02 12:06:38.058827-05:00,18.44,8261,18.45,8745,13.06,1776,13.07,3033
913,2020-12-02 12:06:49.336925-05:00,18.44,10479,18.45,7446,13.06,1799,13.07,2966
914,2020-12-02 12:06:53.035162-05:00,18.44,10479,18.45,7446,13.06,1680,13.07,2988
915,2020-12-02 12:06:59.167233-05:00,18.44,10253,18.45,8000,13.06,1680,13.07,2988
916,2020-12-02 12:07:09.224066-05:00,18.44,10254,18.45,7380,13.06,1732,13.07,2984
917,2020-12-02 12:07:19.045716-05:00,18.44,9685,18.45,6820,13.06,1506,13.07,2840
918,2020-12-02 12:07:29.375214-05:00,18.44,8642,18.45,10680,13.06,997,13.07,3200
919,2020-12-02 12:07:39.030554-05:00,18.44,1852,18.45,7407,13.06,997,13.07,3200
920,2020-12-02 12:07:39.030554-05:00,18.44,1852,18.45,7407,13.06,517,13.07,2173
921,2020-12-02 12:07:48.042682-05:00,18.44,2880,18.45,8009,13.06,671,13.07,2446
922,2020-12-02 12:07:59.236724-05:00,18.44,2143,18.45,12150,13.06,567,13.07,3138
923,2020-12-02 12:08:05.136994-05:00,18.44,7186,18.45,11914,13.06,567,13.07,3138
924,2020-12-02 12:08:05.136994-05:00,18.44,7186,18.45,11914,13.06,1021,13.07,3052
925,2020-12-02 12:08:19.200676-05:00,18.44,5886,18.45,12654,13.06,642,13.07,3158
926,2020-12-02 12:08:29.103126-05:00,18.44,6008,18.45,12085,13.06,909,13.07,3172
927,2020-12-02 12:08:39.124565-05:00,18.44,5849,18.45,12588,13.06,392,13.07,3224
928,2020-12-02 12:08:49.145369-05:00,18.44,5322,18.45,12605,13.06,126,13.07,3382
929,2020-12-02 12:08:59.096435-05:00,18.44,4508,18.45,12705,13.05,1823,13.06,2761
930,2020-12-02 12:09:09.119164-05:00,18.44,1059,18.45,7666,13.05,1368,13.06,1474
931,2020-12-02 12:09:19.142215-05:00,18.44,1522,18.45,12970,13.05,1575,13.06,2105
932,2020-12-02 12:09:29.165045-05:00,18.44,4856,18.45,12678,13.05,2492,13.06,1930
933,2020-12-02 12:09:39.115812-05:00,18.44,4890,18.45,12718,13.05,2581,13.06,1719
934,2020-12-02 12:09:49.151613-05:00,18.44,1546,18.45,7617,13.05,1687,13.06,840
935,2020-12-02 12:09:58.131403-05:00,18.44,7088,18.45,12111,13.05,1687,13.06,840
936,2020-12-02 12:09:58.131403-05:00,18.44,7088,18.45,12111,13.05,2712,13.06,1205
937,2020-12-02 12:10:09.159773-05:00,18.44,7599,18.45,9313,13.05,2520,13.06,671
938,2020-12-02 12:10:19.257860-05:00,18.44,7787,18.45,10720,13.05,2863,13.06,932
939,2020-12-02 12:10:29.166337-05:00,18.44,6005,18.45,11401,13.05,2830,13.06,1180
940,2020-12-02 12:10:39.185540-05:00,18.44,5841,18.45,11424,13.05,2747,13.06,1351
941,2020-12-02 12:10:49.261431-05:00,18.44,5850,18.45,11499,13.05,2755,13.06,1297
942,2020-12-02 12:10:59.159284-05:00,18.44,6025,18.45,11442,13.05,2711,13.06,1128
943,2020-12-02 12:11:09.076991-05:00,18.44,8724,18.45,9336,13.05,2935,13.06,797
944,2020-12-02 12:11:19.223522-05:00,18.44,7719,18.45,10879,13.05,2894,13.06,1181
945,2020-12-02 12:11:29.243906-05:00,18.44,5859,18.45,11457,13.05,2721,13.06,1421
946,2020-12-02 12:11:39.334427-05:00,18.44,5985,18.45,10954,13.05,2865,13.06,1192
947,2020-12-02 12:11:49.035430-05:00,18.44,7043,18.45,10951,13.05,2861,13.06,1193
948,2020-12-02 12:11:49.035430-05:00,18.44,7043,18.45,10951,13.05,2964,13.06,694
949,2020-12-02 12:11:59.098341-05:00,18.44,8716,18.45,8744,13.05,2964,13.06,694
950,2020-12-02 12:12:02.066737-05:00,18.44,8716,18.45,8744,13.05,3018,13.06,664
951,2020-12-02 12:12:09.132708-05:00,18.44,8901,18.45,7566,13.05,3018,13.06,664
952,2020-12-02 12:12:19.234555-05:00,18.44,8916,18.45,7248,13.05,3004,13.06,667
953,2020-12-02 12:12:26.250269-05:00,18.44,9517,18.45,7149,13.06,2947,13.07,2188
954,2020-12-02 12:12:37.093017-05:00,18.44,8937,18.45,6914,13.06,2947,13.07,2188
955,2020-12-02 12:12:37.093017-05:00,18.44,8937,18.45,6914,13.06,2504,13.07,2072
956,2020-12-02 12:12:49.376547-05:00,18.44,9332,18.45,7193,13.06,2714,13.07,2666
957,2020-12-02 12:12:59.042701-05:00,18.44,9410,18.45,7162,13.06,3041,13.07,2191
958,2020-12-02 12:13:05.147052-05:00,18.44,9322,18.45,7356,13.06,3041,13.07,2191
959,2020-12-02 12:13:05.147052-05:00,18.44,9322,18.45,7356,13.06,2694,13.07,2818
960,2020-12-02 12:13:19.072636-05:00,18.44,9425,18.45,7212,13.06,3008,13.07,2191
961,2020-12-02 12:13:29.229719-05:00,18.44,10104,18.45,1226,13.06,3908,13.07,674
962,2020-12-02 12:13:38.324565-05:00,18.44,10880,18.45,1029,13.06,3908,13.07,674
963,2020-12-02 12:13:38.324565-05:00,18.44,10880,18.45,1029,13.07,2445,13.08,2571
964,2020-12-02 12:13:49.269986-05:00,18.44,10625,18.45,1056,13.07,1836,13.08,2610
965,2020-12-02 12:13:59.180488-05:00,18.44,10945,18.45,944,13.07,1801,13.08,2482
966,2020-12-02 12:14:09.204619-05:00,18.44,10450,18.45,2771,13.07,1736,13.08,2576
967,2020-12-02 12:14:19.224986-05:00,18.44,10548,18.45,2779,13.07,1753,13.08,2604
968,2020-12-02 12:14:29.243044-05:00,18.44,10308,18.45,3857,13.07,1245,13.08,2761
969,2020-12-02 12:14:36.078160-05:00,18.44,10192,18.45,3849,13.07,1245,13.08,2761
970,2020-12-02 12:14:36.078160-05:00,18.44,10192,18.45,3849,13.07,1156,13.08,2793
971,2020-12-02 12:14:49.052586-05:00,18.44,9547,18.45,5658,13.06,3584,13.07,2539
972,2020-12-02 12:14:59.078041-05:00,18.44,9451,18.45,5676,13.06,3719,13.07,2334
973,2020-12-02 12:15:09.154010-05:00,18.44,9683,18.45,6156,13.06,3776,13.07,2105
974,2020-12-02 12:15:19.087243-05:00,18.44,9455,18.45,6658,13.06,3600,13.07,2173
975,2020-12-02 12:15:29.060517-05:00,18.44,9454,18.45,6658,13.06,3666,13.07,2173
976,2020-12-02 12:15:39.081404-05:00,18.44,9358,18.45,6668,13.06,3515,13.07,2303
977,2020-12-02 12:15:49.192454-05:00,18.44,6806,18.45,10516,13.06,2514,13.07,3000
978,2020-12-02 12:15:59.124884-05:00,18.44,9318,18.45,6720,13.06,3415,13.07,2130
979,2020-12-02 12:16:09.032252-05:00,18.44,9138,18.45,7123,13.06,2915,13.07,2273
980,2020-12-02 12:16:13.051069-05:00,18.44,9040,18.45,7300,13.06,2915,13.07,2273
981,2020-12-02 12:16:19.056052-05:00,18.44,9040,18.45,7300,13.06,2782,13.07,2428
982,2020-12-02 12:16:29.079213-05:00,18.44,8018,18.45,7301,13.06,2625,13.07,2591
983,2020-12-02 12:16:39.101526-05:00,18.44,9184,18.45,6817,13.06,3097,13.07,2140
984,2020-12-02 12:16:49.131039-05:00,18.44,7507,18.45,7526,13.06,2621,13.07,2844
985,2020-12-02 12:16:59.235784-05:00,18.44,7443,18.45,9850,13.06,2565,13.07,3013
986,2020-12-02 12:17:09.169576-05:00,18.44,6947,18.45,9868,13.06,2559,13.07,2996
987,2020-12-02 12:17:19.201598-05:00,18.44,7514,18.45,9544,13.06,2588,13.07,2792
988,2020-12-02 12:17:29.236846-05:00,18.44,7433,18.45,9914,13.06,2594,13.07,2850
989,2020-12-02 12:17:39.170116-05:00,18.44,8807,18.45,7539,13.06,2599,13.07,2815
990,2020-12-02 12:17:48.079229-05:00,18.44,9037,18.45,7397,13.06,2599,13.07,2815
991,2020-12-02 12:17:48.079229-05:00,18.44,9037,18.45,7397,13.06,2751,13.07,2443
992,2020-12-02 12:17:59.139878-05:00,18.44,6855,18.45,9351,13.06,2353,13.07,2417
993,2020-12-02 12:18:09.174418-05:00,18.44,9312,18.45,6879,13.06,3358,13.07,2129
994,2020-12-02 12:18:19.151299-05:00,18.44,8832,18.45,7442,13.06,2559,13.07,2652
995,2020-12-02 12:18:29.027314-05:00,18.44,9291,18.45,6915,13.06,3289,13.07,2116
996,2020-12-02 12:18:29.027314-05:00,18.44,9291,18.45,6915,13.06,3549,13.07,1935
997,2020-12-02 12:18:39.075087-05:00,18.44,9558,18.45,6767,13.06,3549,13.07,1935
998,2020-12-02 12:18:49.071162-05:00,18.44,9618,18.45,5218,13.06,3558,13.07,1569
999,2020-12-02 12:18:59.094068-05:00,18.44,10021,18.45,1944,13.07,2694,13.08,2424
1000,2020-12-02 12:19:09.132781-05:00,18.44,9981,18.45,1944,13.07,2558,13.08,2477
1001,2020-12-02 12:19:20.183928-05:00,18.44,10045,18.45,4656,13.07,1593,13.08,2698
1002,2020-12-02 12:19:29.171056-05:00,18.44,9642,18.45,5922,13.07,839,13.08,2747
1003,2020-12-02 12:19:39.195165-05:00,18.44,8752,18.45,6716,13.07,893,13.08,2754
1004,2020-12-02 12:19:49.215612-05:00,18.44,9347,18.45,7012,13.07,37,13.08,3229
1005,2020-12-02 12:19:59.049954-05:00,18.44,9058,18.45,7565,13.06,3244,13.07,2167
1006,2020-12-02 12:20:09.048957-05:00,18.44,9021,18.45,8145,13.06,3044,13.07,2072
1007,2020-12-02 12:20:19.120581-05:00,18.44,9021,18.45,8125,13.06,2854,13.07,2124
1008,2020-12-02 12:20:29.089201-05:00,18.44,8294,18.45,8231,13.06,2712,13.07,2314
1009,2020-12-02 12:20:38.166550-05:00,18.44,9181,18.45,7647,13.06,2712,13.07,2314
1010,2020-12-02 12:20:38.166550-05:00,18.44,9181,18.45,7647,13.06,3158,13.07,2117
1011,2020-12-02 12:20:48.253938-05:00,18.44,9360,18.45,7144,13.06,3158,13.07,2117
1012,2020-12-02 12:20:48.253938-05:00,18.44,9360,18.45,7144,13.06,3285,13.07,2000
1013,2020-12-02 12:20:59.184597-05:00,18.44,9596,18.45,6923,13.06,3517,13.07,1670
1014,2020-12-02 12:21:09.202550-05:00,18.44,9613,18.45,7028,13.06,3469,13.07,1126
1015,2020-12-02 12:21:19.332384-05:00,18.44,9726,18.45,4742,13.06,3721,13.07,756
1016,2020-12-02 12:21:29.032918-05:00,18.44,10045,18.45,6637,13.06,3707,13.07,1095
1017,2020-12-02 12:21:35.101539-05:00,18.44,10471,18.45,3632,13.06,3707,13.07,1095
1018,2020-12-02 12:21:35.101539-05:00,18.44,10471,18.45,3632,13.06,4078,13.07,155
1019,2020-12-02 12:21:41.142314-05:00,18.44,10471,18.45,3632,13.06,4158,13.07,351
1020,2020-12-02 12:21:49.114580-05:00,18.44,10318,18.45,2192,13.06,4158,13.07,351
1021,2020-12-02 12:21:59.200920-05:00,18.44,10338,18.45,2144,13.06,4188,13.07,352
1022,2020-12-02 12:22:09.235102-05:00,18.45,12601,18.46,12107,13.07,4201,13.08,1626
1023,2020-12-02 12:22:19.257341-05:00,18.45,10537,18.46,13916,13.07,4095,13.08,1797
1024,2020-12-02 12:22:29.028288-05:00,18.45,12701,18.46,12975,13.07,4222,13.08,1662
1025,2020-12-02 12:22:38.139711-05:00,18.45,12035,18.46,12566,13.07,4222,13.08,1662
1026,2020-12-02 12:22:38.139711-05:00,18.45,12035,18.46,12566,13.07,3981,13.08,1456
1027,2020-12-02 12:22:49.256896-05:00,18.45,13419,18.46,10673,13.07,4557,13.08,1232
1028,2020-12-02 12:22:59.068049-05:00,18.45,13524,18.46,10677,13.07,4551,13.08,1237
1029,2020-12-02 12:23:09.089564-05:00,18.45,10562,18.46,14062,13.07,3796,13.08,1989
1030,2020-12-02 12:23:19.223084-05:00,18.45,9147,18.46,14637,13.07,3231,13.08,2472
1031,2020-12-02 12:23:29.269834-05:00,18.45,8881,18.46,14570,13.07,2933,13.08,2390
1032,2020-12-02 12:23:39.039614-05:00,18.45,8296,18.46,14632,13.07,2386,13.08,2529
1033,2020-12-02 12:23:47.094898-05:00,18.45,8296,18.46,14632,13.07,2358,13.08,2539
1034,2020-12-02 12:23:49.144082-05:00,18.45,8018,18.46,14633,13.07,2358,13.08,2539
1035,2020-12-02 12:23:54.161520-05:00,18.45,8018,18.46,14633,13.07,2477,13.08,2434
1036,2020-12-02 12:23:59.086304-05:00,18.45,8085,18.46,14678,13.07,2477,13.08,2434
1037,2020-12-02 12:24:08.172435-05:00,18.45,8279,18.46,14549,13.07,2477,13.08,2434
1038,2020-12-02 12:24:08.172435-05:00,18.45,8279,18.46,14549,13.07,2480,13.08,2440
1039,2020-12-02 12:24:19.197472-05:00,18.45,8233,18.46,14567,13.07,2464,13.08,2531
1040,2020-12-02 12:24:29.219333-05:00,18.45,8209,18.46,14586,13.07,2407,13.08,2548
1041,2020-12-02 12:24:39.320458-05:00,18.45,8054,18.46,14650,13.07,2185,13.08,2580
1042,2020-12-02 12:24:49.192500-05:00,18.45,7945,18.46,14037,13.07,2235,13.08,2275
1043,2020-12-02 12:24:59.213976-05:00,18.45,8241,18.46,14631,13.07,2407,13.08,2565
1044,2020-12-02 12:25:09.234917-05:00,18.45,8136,18.46,14650,13.07,2406,13.08,2560
1045,2020-12-02 12:25:19.257116-05:00,18.45,5993,18.46,15030,13.07,1354,13.08,2727
1046,2020-12-02 12:25:29.252216-05:00,18.45,6248,18.46,14594,13.07,1201,13.08,2747
1047,2020-12-02 12:25:39.210301-05:00,18.45,4174,18.46,14687,13.07,934,13.08,2939
1048,2020-12-02 12:25:49.229171-05:00,18.45,3106,18.46,15215,13.07,651,13.08,3004
1049,2020-12-02 12:25:59.296331-05:00,18.45,3105,18.46,15215,13.07,660,13.08,3021
1050,2020-12-02 12:26:09.276556-05:00,18.45,3745,18.46,14843,13.07,1104,13.08,2938
1051,2020-12-02 12:26:19.113556-05:00,18.45,3742,18.46,14081,13.07,1130,13.08,2504
1052,2020-12-02 12:26:29.136453-05:00,18.45,3898,18.46,14737,13.07,1156,13.08,2888
1053,2020-12-02 12:26:39.160597-05:00,18.45,4797,18.46,14583,13.07,1588,13.08,2781
1054,2020-12-02 12:26:49.183593-05:00,18.45,6929,18.46,13899,13.07,2353,13.08,1937
1055,2020-12-02 12:26:59.206978-05:00,18.45,8734,18.46,10432,13.07,2872,13.08,1575
1056,2020-12-02 12:27:08.185800-05:00,18.45,8587,18.46,11089,13.07,2872,13.08,1575
1057,2020-12-02 12:27:08.185800-05:00,18.45,8587,18.46,11089,13.07,2774,13.08,1624
1058,2020-12-02 12:27:17.213891-05:00,18.45,8568,18.46,11142,13.07,2774,13.08,1624
1059,2020-12-02 12:27:17.213891-05:00,18.45,8568,18.46,11142,13.07,2736,13.08,1641
1060,2020-12-02 12:27:27.228212-05:00,18.45,8562,18.46,12467,13.07,2736,13.08,1641
1061,2020-12-02 12:27:27.228212-05:00,18.45,8562,18.46,12467,13.07,2600,13.08,1674
1062,2020-12-02 12:27:39.341336-05:00,18.45,5439,18.46,14460,13.07,1798,13.08,2238
1063,2020-12-02 12:27:49.274127-05:00,18.45,5822,18.46,13964,13.07,1894,13.08,2192
1064,2020-12-02 12:27:59.267576-05:00,18.45,7185,18.46,13475,13.07,2627,13.08,1694
1065,2020-12-02 12:27:59.267576-05:00,18.45,7185,18.46,13475,13.07,1883,13.08,2219
1066,2020-12-02 12:28:09.036222-05:00,18.45,5417,18.46,14471,13.07,1883,13.08,2219
1067,2020-12-02 12:28:19.054233-05:00,18.45,7404,18.46,13881,13.07,1916,13.08,2186
1068,2020-12-02 12:28:29.107320-05:00,18.45,7953,18.46,10411,13.07,2765,13.08,1612
1069,2020-12-02 12:28:39.552695-05:00,18.45,8163,18.46,10093,13.07,2937,13.08,782
1070,2020-12-02 12:28:49.382293-05:00,18.45,9025,18.46,10054,13.07,2931,13.08,921
1071,2020-12-02 12:28:59.266895-05:00,18.45,8918,18.46,10377,13.07,2869,13.08,1382
1072,2020-12-02 12:29:09.145798-05:00,18.45,8979,18.46,10054,13.07,2869,13.08,1205
1073,2020-12-02 12:29:19.129472-05:00,18.45,8209,18.46,10072,13.07,2854,13.08,1295
1074,2020-12-02 12:29:29.195173-05:00,18.45,8982,18.46,9997,13.07,2890,13.08,1040
1075,2020-12-02 12:29:39.215221-05:00,18.45,9040,18.46,9955,13.07,2895,13.08,969
1076,2020-12-02 12:29:48.233435-05:00,18.45,8918,18.46,10007,13.07,2895,13.08,969
1077,2020-12-02 12:29:48.233435-05:00,18.45,8918,18.46,10007,13.07,2858,13.08,1149
1078,2020-12-02 12:29:48.233435-05:00,18.45,8918,18.46,10007,13.07,2799,13.08,1394
1079,2020-12-02 12:29:59.256352-05:00,18.45,8773,18.46,10346,13.07,2799,13.08,1394
1080,2020-12-02 12:30:09.259158-05:00,18.45,8767,18.46,10328,13.07,2785,13.08,1468
1081,2020-12-02 12:30:17.037610-05:00,18.45,2951,18.46,4969,13.07,2785,13.08,1468
1082,2020-12-02 12:30:17.037610-05:00,18.45,2951,18.46,4969,13.07,1774,13.08,343
1083,2020-12-02 12:30:29.050325-05:00,18.45,9372,18.46,8849,13.07,2737,13.08,1393
1084,2020-12-02 12:30:39.156806-05:00,18.45,9245,18.46,8919,13.07,2653,13.08,1452
1085,2020-12-02 12:30:45.206327-05:00,18.45,9082,18.46,9664,13.07,2653,13.08,1452
1086,2020-12-02 12:30:45.206327-05:00,18.45,9082,18.46,9664,13.07,2293,13.08,1741
1087,2020-12-02 12:30:59.225861-05:00,18.45,7943,18.46,12349,13.07,1738,13.08,2297
1088,2020-12-02 12:31:09.215506-05:00,18.45,7971,18.46,12847,13.07,1692,13.08,2440
1089,2020-12-02 12:31:17.232787-05:00,18.45,6336,18.46,13028,13.07,1692,13.08,2440
1090,2020-12-02 12:31:17.232787-05:00,18.45,6336,18.46,13028,13.07,1692,13.08,2439
1091,2020-12-02 12:31:29.138594-05:00,18.45,6364,18.46,13026,13.07,1724,13.08,2433
1092,2020-12-02 12:31:38.152628-05:00,18.45,6336,18.46,13028,13.07,1724,13.08,2433
1093,2020-12-02 12:31:38.152628-05:00,18.45,6336,18.46,13028,13.07,1721,13.08,2471
1094,2020-12-02 12:31:49.198299-05:00,18.45,8286,18.46,9726,13.07,2273,13.08,1638
1095,2020-12-02 12:31:59.233645-05:00,18.45,6337,18.46,12996,13.07,1682,13.08,2404
1096,2020-12-02 12:32:09.212881-05:00,18.45,5773,18.46,13091,13.07,1606,13.08,2528
1097,2020-12-02 12:32:19.256044-05:00,18.45,5276,18.46,13112,13.07,1598,13.08,2530
1098,2020-12-02 12:32:29.273239-05:00,18.45,5309,18.46,13091,13.07,1636,13.08,2514
1099,2020-12-02 12:32:39.041623-05:00,18.45,6336,18.46,12502,13.07,1737,13.08,2252
1100,2020-12-02 12:32:49.060716-05:00,18.45,8590,18.46,8797,13.07,2693,13.08,1369
1101,2020-12-02 12:32:59.137040-05:00,18.45,8285,18.46,9697,13.07,2109,13.08,1715
1102,2020-12-02 12:33:09.127199-05:00,18.45,7696,18.46,11612,13.07,1929,13.08,1759
1103,2020-12-02 12:33:19.209546-05:00,18.45,9060,18.46,9720,13.07,2286,13.08,1695
1104,2020-12-02 12:33:27.154561-05:00,18.45,9060,18.46,9701,13.07,2286,13.08,1695
1105,2020-12-02 12:33:27.154561-05:00,18.45,9060,18.46,9701,13.07,2274,13.08,1634
1106,2020-12-02 12:33:37.172676-05:00,18.45,8623,18.46,9048,13.07,2274,13.08,1634
1107,2020-12-02 12:33:37.172676-05:00,18.45,8623,18.46,9048,13.07,2298,13.08,1269
1108,2020-12-02 12:33:49.131618-05:00,18.45,9310,18.46,8966,13.07,2657,13.08,1465
1109,2020-12-02 12:33:59.247284-05:00,18.45,9263,18.46,9036,13.07,2621,13.08,1475
1110,2020-12-02 12:34:08.167096-05:00,18.45,9387,18.46,8976,13.07,2627,13.08,1535
1111,2020-12-02 12:34:19.187094-05:00,18.45,9063,18.46,9618,13.07,2382,13.08,1544
1112,2020-12-02 12:34:29.353009-05:00,18.45,9245,18.46,9154,13.07,2562,13.08,1542
1113,2020-12-02 12:34:39.285645-05:00,18.45,9062,18.46,9629,13.07,2253,13.08,1627
1114,2020-12-02 12:34:49.042520-05:00,18.45,9070,18.46,9695,13.07,2272,13.08,1627
1115,2020-12-02 12:34:56.056062-05:00,18.45,9069,18.46,9706,13.07,2272,13.08,1627
1116,2020-12-02 12:34:56.056062-05:00,18.45,9069,18.46,9706,13.07,2248,13.08,1735
1117,2020-12-02 12:35:06.115086-05:00,18.45,9070,18.46,11082,13.07,2248,13.08,1735
1118,2020-12-02 12:35:06.115086-05:00,18.45,9070,18.46,11082,13.07,2052,13.08,1737
1119,2020-12-02 12:35:19.119417-05:00,18.45,9070,18.46,11081,13.07,2045,13.08,1734
1120,2020-12-02 12:35:22.191360-05:00,18.45,9079,18.46,9789,13.07,2045,13.08,1734
1121,2020-12-02 12:35:22.191360-05:00,18.45,9079,18.46,9789,13.07,1949,13.08,1784
1122,2020-12-02 12:35:38.157120-05:00,18.45,7987,18.46,12515,13.07,1949,13.08,1784
1123,2020-12-02 12:35:39.158958-05:00,18.45,7987,18.46,12515,13.07,1721,13.08,2248
1124,2020-12-02 12:35:48.176805-05:00,18.45,1591,18.46,7538,13.07,1721,13.08,2248
1125,2020-12-02 12:35:48.176805-05:00,18.45,1591,18.46,7538,13.07,961,13.08,1373
1126,2020-12-02 12:35:59.037096-05:00,18.45,9046,18.46,11500,13.07,1963,13.08,1837
1127,2020-12-02 12:36:02.127418-05:00,18.45,9045,18.46,11500,13.07,1963,13.08,1837
1128,2020-12-02 12:36:02.127418-05:00,18.45,9045,18.46,11500,13.07,2007,13.08,1718
1129,2020-12-02 12:36:19.069831-05:00,18.45,9076,18.46,9757,13.07,2013,13.08,1681
1130,2020-12-02 12:36:19.069831-05:00,18.45,9076,18.46,9757,13.07,2561,13.08,1534
1131,2020-12-02 12:36:29.088354-05:00,18.45,9375,18.46,8988,13.07,2561,13.08,1534
1132,2020-12-02 12:36:39.298945-05:00,18.45,9674,18.46,8528,13.07,2856,13.08,1063
1133,2020-12-02 12:36:49.264661-05:00,18.45,9623,18.46,8566,13.07,2766,13.08,1094
1134,2020-12-02 12:36:59.244232-05:00,18.45,9554,18.46,8586,13.07,2782,13.08,1092
1135,2020-12-02 12:37:09.262737-05:00,18.45,9442,18.46,8570,13.07,2769,13.08,1102
1136,2020-12-02 12:37:19.029988-05:00,18.45,9557,18.46,8569,13.07,2773,13.08,1013
1137,2020-12-02 12:37:28.100475-05:00,18.45,9549,18.46,8585,13.07,2773,13.08,1013
1138,2020-12-02 12:37:28.100475-05:00,18.45,9549,18.46,8585,13.07,2760,13.08,1192
1139,2020-12-02 12:37:39.203386-05:00,18.45,9077,18.46,9756,13.07,2286,13.08,1623
1140,2020-12-02 12:37:49.137329-05:00,18.45,8454,18.46,11449,13.07,1942,13.08,1873
1141,2020-12-02 12:37:59.171206-05:00,18.45,7994,18.46,12375,13.07,1744,13.08,2247
1142,2020-12-02 12:38:09.105421-05:00,18.45,7176,18.46,11761,13.07,1504,13.08,1784
1143,2020-12-02 12:38:18.098980-05:00,18.45,7696,18.46,11430,13.07,1504,13.08,1784
1144,2020-12-02 12:38:18.098980-05:00,18.45,7696,18.46,11430,13.07,1946,13.08,1788
1145,2020-12-02 12:38:21.103794-05:00,18.45,8264,18.46,10359,13.07,1946,13.08,1788
1146,2020-12-02 12:38:21.103794-05:00,18.45,8264,18.46,10359,13.07,2148,13.08,1663
1147,2020-12-02 12:38:38.137456-05:00,18.45,9058,18.46,11614,13.07,2148,13.08,1663
1148,2020-12-02 12:38:39.312114-05:00,18.45,9058,18.46,11614,13.07,1984,13.08,1787
1149,2020-12-02 12:38:49.156354-05:00,18.45,9502,18.46,8630,13.07,2657,13.08,1119
1150,2020-12-02 12:38:59.179543-05:00,18.45,9951,18.46,5135,13.07,2787,13.08,278
1151,2020-12-02 12:39:09.105749-05:00,18.45,9925,18.46,6096,13.07,2903,13.08,514
1152,2020-12-02 12:39:09.105749-05:00,18.45,9925,18.46,6096,13.07,2841,13.08,490
1153,2020-12-02 12:39:19.123581-05:00,18.45,9801,18.46,6197,13.07,2841,13.08,490
1154,2020-12-02 12:39:29.183226-05:00,18.45,10074,18.46,3205,13.08,2452,13.09,2342
1155,2020-12-02 12:39:39.217527-05:00,18.46,8905,18.47,14645,13.08,3600,13.09,1491
1156,2020-12-02 12:39:49.151173-05:00,18.46,8147,18.47,14728,13.08,3324,13.09,1670
1157,2020-12-02 12:39:59.184896-05:00,18.46,4672,18.47,15139,13.08,2564,13.09,2434
1158,2020-12-02 12:39:59.184896-05:00,18.46,4672,18.47,15139,13.08,1391,13.09,2608
1159,2020-12-02 12:40:09.193952-05:00,18.45,11233,18.46,8263,13.08,1391,13.09,2608
1160,2020-12-02 12:40:19.257210-05:00,18.45,10940,18.46,7832,13.08,1443,13.09,2604
1161,2020-12-02 12:40:29.253883-05:00,18.45,9386,18.46,7889,13.08,756,13.09,2741
1162,2020-12-02 12:40:39.275632-05:00,18.45,9230,18.46,11518,13.07,2250,13.08,2693
1163,2020-12-02 12:40:49.039705-05:00,18.45,9945,18.46,9060,13.07,2414,13.08,2405
1164,2020-12-02 12:40:58.065373-05:00,18.45,9945,18.46,9060,13.07,2747,13.08,1636
1165,2020-12-02 12:40:59.058576-05:00,18.45,10720,18.46,8103,13.07,2747,13.08,1636
1166,2020-12-02 12:41:08.110283-05:00,18.45,10574,18.46,8079,13.07,2738,13.08,1471
1167,2020-12-02 12:41:19.097524-05:00,18.45,10208,18.46,8130,13.07,2720,13.08,1701
1168,2020-12-02 12:41:19.097524-05:00,18.45,10208,18.46,8130,13.07,2407,13.08,1317
1169,2020-12-02 12:41:29.196352-05:00,18.45,9640,18.46,7880,13.07,2407,13.08,1317
1170,2020-12-02 12:41:39.136307-05:00,18.45,9979,18.46,8545,13.07,2681,13.08,1808
1171,2020-12-02 12:41:49.025851-05:00,18.45,9259,18.46,9305,13.07,2333,13.08,1981
1172,2020-12-02 12:41:59.199123-05:00,18.45,6835,18.46,12634,13.07,1776,13.08,2597
1173,2020-12-02 12:42:09.131455-05:00,18.45,6823,18.46,12632,13.07,1688,13.08,2600
1174,2020-12-02 12:42:19.136210-05:00,18.45,6248,18.46,12773,13.07,1641,13.08,2843
1175,2020-12-02 12:42:29.305754-05:00,18.45,6308,18.46,12681,13.07,1681,13.08,2693
1176,2020-12-02 12:42:39.064513-05:00,18.45,4416,18.46,12869,13.07,886,13.08,2949
1177,2020-12-02 12:42:49.084542-05:00,18.45,4416,18.46,12859,13.07,858,13.08,2982
1178,2020-12-02 12:42:59.103216-05:00,18.45,3596,18.46,12850,13.07,586,13.08,2992
1179,2020-12-02 12:43:09.121966-05:00,18.45,4163,18.46,12904,13.07,843,13.08,2949
1180,2020-12-02 12:43:19.140484-05:00,18.45,4183,18.46,13341,13.07,843,13.08,2915
1181,2020-12-02 12:43:29.080862-05:00,18.45,4450,18.46,12904,13.07,944,13.08,2879
1182,2020-12-02 12:43:39.096370-05:00,18.45,4593,18.46,12474,13.07,1106,13.08,2878
1183,2020-12-02 12:43:49.112737-05:00,18.45,5147,18.46,12706,13.07,1423,13.08,2861
1184,2020-12-02 12:43:59.213049-05:00,18.45,4903,18.46,12799,13.07,1257,13.08,2918
1185,2020-12-02 12:44:09.188173-05:00,18.45,5180,18.46,12707,13.07,1422,13.08,2867
1186,2020-12-02 12:44:19.036748-05:00,18.45,6141,18.46,12702,13.07,1575,13.08,2480
1187,2020-12-02 12:44:29.055270-05:00,18.45,1770,18.46,8238,13.07,988,13.08,1950
1188,2020-12-02 12:44:38.069322-05:00,18.45,5352,18.46,12675,13.07,988,13.08,1950
1189,2020-12-02 12:44:38.069322-05:00,18.45,5352,18.46,12675,13.07,1395,13.08,2652
1190,2020-12-02 12:44:48.086315-05:00,18.45,4784,18.46,12674,13.07,1395,13.08,2652
1191,2020-12-02 12:44:48.086315-05:00,18.45,4784,18.46,12674,13.07,1391,13.08,2506
1192,2020-12-02 12:44:58.136833-05:00,18.45,4906,18.46,12673,13.07,1391,13.08,2506
1193,2020-12-02 12:44:58.136833-05:00,18.45,4906,18.46,12673,13.07,1354,13.08,2669
1194,2020-12-02 12:45:07.205803-05:00,18.45,4115,18.46,12757,13.07,1354,13.08,2669
1195,2020-12-02 12:45:07.205803-05:00,18.45,4115,18.46,12757,13.07,1094,13.08,2790
1196,2020-12-02 12:45:19.175047-05:00,18.45,5780,18.46,12674,13.07,1519,13.08,2495
1197,2020-12-02 12:45:29.194247-05:00,18.45,7658,18.46,11270,13.07,2219,13.08,1641
1198,2020-12-02 12:45:39.214363-05:00,18.45,6869,18.46,12095,13.07,1653,13.08,1897
1199,2020-12-02 12:45:48.214352-05:00,18.45,8456,18.46,10708,13.07,1653,13.08,1897
1200,2020-12-02 12:45:48.214352-05:00,18.45,8456,18.46,10708,13.07,2203,13.08,1640
1201,2020-12-02 12:45:59.328561-05:00,18.45,2774,18.46,4979,13.07,1326,13.08,954
1202,2020-12-02 12:46:09.250916-05:00,18.45,3544,18.46,5268,13.07,2014,13.08,771
1203,2020-12-02 12:46:19.298164-05:00,18.45,8826,18.46,7841,13.07,2578,13.08,1467
1204,2020-12-02 12:46:29.039635-05:00,18.45,8678,18.46,7922,13.07,2538,13.08,1515
1205,2020-12-02 12:46:39.094778-05:00,18.45,8836,18.46,7940,13.07,2574,13.08,1490
1206,2020-12-02 12:46:49.114696-05:00,18.45,7523,18.46,8131,13.07,1958,13.08,1315
1207,2020-12-02 12:46:59.135224-05:00,18.45,7465,18.46,11278,13.07,1644,13.08,1943
1208,2020-12-02 12:47:09.155452-05:00,18.45,8516,18.46,8681,13.07,2429,13.08,1638
1209,2020-12-02 12:47:19.047270-05:00,18.45,8622,18.46,8500,13.07,2427,13.08,1585
1210,2020-12-02 12:47:29.066534-05:00,18.45,9374,18.46,7483,13.07,2766,13.08,503
1211,2020-12-02 12:47:35.175269-05:00,18.45,9356,18.46,7508,13.07,2766,13.08,503
1212,2020-12-02 12:47:35.175269-05:00,18.45,9356,18.46,7508,13.07,2740,13.08,569
1213,2020-12-02 12:47:49.103956-05:00,18.45,9344,18.46,7552,13.07,2736,13.08,706
1214,2020-12-02 12:47:49.103956-05:00,18.45,9344,18.46,7552,13.07,2732,13.08,709
1215,2020-12-02 12:47:58.118861-05:00,18.45,9344,18.46,7522,13.07,2732,13.08,709
1216,2020-12-02 12:48:05.179109-05:00,18.45,9386,18.46,7518,13.07,2740,13.08,569
1217,2020-12-02 12:48:19.248282-05:00,18.45,9335,18.46,7524,13.07,2701,13.08,825
1218,2020-12-02 12:48:27.092214-05:00,18.45,9352,18.46,7556,13.07,2701,13.08,825
1219,2020-12-02 12:48:27.092214-05:00,18.45,9352,18.46,7556,13.07,2720,13.08,720
1220,2020-12-02 12:48:35.021262-05:00,18.45,9352,18.46,7524,13.07,2720,13.08,720
1221,2020-12-02 12:48:35.021262-05:00,18.45,9352,18.46,7524,13.07,2724,13.08,720
1222,2020-12-02 12:48:49.050084-05:00,18.45,9389,18.46,7551,13.07,2732,13.08,569
1223,2020-12-02 12:48:59.239061-05:00,18.45,4889,18.46,3865,13.07,2090,13.08,439
1224,2020-12-02 12:49:09.257537-05:00,18.45,9373,18.46,7575,13.07,2708,13.08,779
1225,2020-12-02 12:49:19.111688-05:00,18.45,9229,18.46,7555,13.07,2573,13.08,1131
1226,2020-12-02 12:49:29.045693-05:00,18.45,8679,18.46,7227,13.07,2308,13.08,805
