,time,bid1,bid_size1,ask1,ask_size1,bid2,bid_size2,ask2,ask_size2
0,2021-02-19 11:26:40.629531-05:00,17.07,6751,17.08,5806,,,,
1,2021-02-19 11:26:40.629531-05:00,17.07,6751,17.08,5806,11.17,3375.0,11.18,1679.0
2,2021-02-19 11:26:40.629531-05:00,17.07,6751,17.08,5806,11.17,3030.0,11.18,2120.0
3,2021-02-19 11:26:49.206757-05:00,17.07,6349,17.08,5934,11.17,3030.0,11.18,2120.0
4,2021-02-19 11:26:59.236991-05:00,17.07,6492,17.08,5834,11.17,3376.0,11.18,1728.0
5,2021-02-19 11:27:09.227279-05:00,17.07,7140,17.08,5424,11.17,3406.0,11.18,1598.0
6,2021-02-19 11:27:19.292085-05:00,17.07,7351,17.08,5049,11.17,3668.0,11.18,1598.0
7,2021-02-19 11:27:29.067638-05:00,17.07,6561,17.08,5942,11.17,3207.0,11.18,1832.0
8,2021-02-19 11:27:39.128858-05:00,17.07,6800,17.08,5260,11.17,3674.0,11.18,1594.0
9,2021-02-19 11:27:39.128858-05:00,17.07,6800,17.08,5260,11.17,3701.0,11.18,1594.0
10,2021-02-19 11:27:49.267675-05:00,17.07,6800,17.08,5254,11.17,3701.0,11.18,1594.0
11,2021-02-19 11:27:57.190686-05:00,17.07,6800,17.08,5254,11.17,3688.0,11.18,1594.0
12,2021-02-19 11:27:59.193088-05:00,17.07,6822,17.08,5254,11.17,3688.0,11.18,1594.0
13,2021-02-19 11:27:59.193088-05:00,17.07,6822,17.08,5254,11.17,3684.0,11.18,1594.0
14,2021-02-19 11:28:09.100029-05:00,17.07,6790,17.08,5254,11.17,3684.0,11.18,1594.0
15,2021-02-19 11:28:19.194317-05:00,17.07,7393,17.08,5046,11.17,3710.0,11.18,1607.0
16,2021-02-19 11:28:29.229518-05:00,17.07,8051,17.08,4794,11.17,3971.0,11.18,1384.0
17,2021-02-19 11:28:39.257888-05:00,17.07,8604,17.08,3588,11.17,4893.0,11.18,455.0
18,2021-02-19 11:28:49.195921-05:00,17.07,8592,17.08,3720,11.17,4866.0,11.18,419.0
19,2021-02-19 11:28:49.195921-05:00,17.07,8592,17.08,3720,11.17,4619.0,11.18,575.0
20,2021-02-19 11:28:59.119537-05:00,17.07,8357,17.08,4211,11.17,4619.0,11.18,575.0
21,2021-02-19 11:29:08.060704-05:00,17.07,8036,17.08,4537,11.17,4619.0,11.18,575.0
22,2021-02-19 11:29:08.060704-05:00,17.07,8036,17.08,4537,11.17,4006.0,11.18,1342.0
23,2021-02-19 11:29:19.096562-05:00,17.07,8036,17.08,4338,11.17,4023.0,11.18,1329.0
24,2021-02-19 11:29:29.270002-05:00,17.07,8521,17.08,3705,11.17,4396.0,11.18,485.0
25,2021-02-19 11:29:39.297154-05:00,17.07,8136,17.08,4444,11.17,4084.0,11.18,1155.0
26,2021-02-19 11:29:39.297154-05:00,17.07,8136,17.08,4444,11.17,4236.0,11.18,601.0
27,2021-02-19 11:29:48.072366-05:00,17.07,8302,17.08,4129,11.17,4236.0,11.18,601.0
28,2021-02-19 11:29:59.133296-05:00,17.07,8485,17.08,3905,11.17,4240.0,11.18,532.0
29,2021-02-19 11:29:59.133296-05:00,17.07,8485,17.08,3905,11.17,4447.0,11.18,588.0
30,2021-02-19 11:30:09.216050-05:00,17.07,8504,17.08,3701,11.17,4447.0,11.18,588.0
31,2021-02-19 11:30:19.132481-05:00,17.07,8216,17.08,4498,11.17,4110.0,11.18,1008.0
32,2021-02-19 11:30:29.176244-05:00,17.07,8225,17.08,4502,11.17,4148.0,11.18,1232.0
33,2021-02-19 11:30:39.080996-05:00,17.07,8419,17.08,4012,11.17,4208.0,11.18,678.0
34,2021-02-19 11:30:49.247609-05:00,17.07,8440,17.08,3590,11.18,2676.0,11.19,2457.0
35,2021-02-19 11:30:59.205086-05:00,17.07,8519,17.08,3844,11.18,1976.0,11.19,2642.0
36,2021-02-19 11:31:09.278907-05:00,17.07,8538,17.08,3899,11.18,1976.0,11.19,2642.0
37,2021-02-19 11:31:09.278907-05:00,17.07,8538,17.08,3899,11.18,2048.0,11.19,2634.0
38,2021-02-19 11:31:19.309311-05:00,17.07,8976,17.08,3143,11.18,2301.0,11.19,2073.0
39,2021-02-19 11:31:29.258398-05:00,17.07,8965,17.08,2932,11.18,2286.0,11.19,2057.0
40,2021-02-19 11:31:39.289349-05:00,17.07,8958,17.08,2591,11.18,2286.0,11.19,2057.0
41,2021-02-19 11:31:39.289349-05:00,17.07,8958,17.08,2591,11.18,2670.0,11.19,1710.0
42,2021-02-19 11:31:49.136824-05:00,17.08,6056,17.09,5868,11.18,3001.0,11.19,1462.0
43,2021-02-19 11:31:59.061808-05:00,17.08,6813,17.09,5478,11.18,2985.0,11.19,1472.0
44,2021-02-19 11:32:08.182558-05:00,17.08,6829,17.09,5336,11.18,3061.0,11.19,1337.0
45,2021-02-19 11:32:19.082604-05:00,17.08,7064,17.09,5333,11.18,3037.0,11.19,1417.0
46,2021-02-19 11:32:28.112023-05:00,17.08,6838,17.09,5336,11.18,3037.0,11.19,1417.0
47,2021-02-19 11:32:28.112023-05:00,17.08,6838,17.09,5336,11.18,3059.0,11.19,1334.0
48,2021-02-19 11:32:39.136696-05:00,17.08,7045,17.09,5336,11.18,3047.0,11.19,1362.0
49,2021-02-19 11:32:49.095697-05:00,17.08,6834,17.09,5370,11.18,2999.0,11.19,1442.0
50,2021-02-19 11:32:59.093921-05:00,17.08,7297,17.09,4708,11.18,2999.0,11.19,1442.0
51,2021-02-19 11:32:59.093921-05:00,17.08,7297,17.09,4708,11.18,3313.0,11.19,1187.0
52,2021-02-19 11:33:09.155102-05:00,17.08,8623,17.09,3856,11.18,3313.0,11.19,1187.0
53,2021-02-19 11:33:09.155102-05:00,17.08,8623,17.09,3856,11.18,3389.0,11.19,664.0
54,2021-02-19 11:33:19.143015-05:00,17.08,8275,17.09,4369,11.18,3264.0,11.19,1058.0
55,2021-02-19 11:33:19.143015-05:00,17.08,8275,17.09,4369,11.18,3000.0,11.19,1509.0
56,2021-02-19 11:33:29.051878-05:00,17.08,6620,17.09,5429,11.18,3000.0,11.19,1509.0
57,2021-02-19 11:33:39.086743-05:00,17.08,6587,17.09,5495,11.18,2999.0,11.19,1618.0
58,2021-02-19 11:33:49.116009-05:00,17.08,4970,17.09,5997,11.18,2127.0,11.19,2723.0
59,2021-02-19 11:33:59.191973-05:00,17.08,6193,17.09,5737,11.18,2347.0,11.19,2032.0
60,2021-02-19 11:34:09.150104-05:00,17.08,5603,17.09,5722,11.18,2267.0,11.19,2196.0
61,2021-02-19 11:34:18.064559-05:00,17.08,5658,17.09,5874,11.18,2267.0,11.19,2196.0
62,2021-02-19 11:34:18.064559-05:00,17.08,5658,17.09,5874,11.18,2243.0,11.19,2255.0
63,2021-02-19 11:34:29.275074-05:00,17.08,6057,17.09,5713,11.18,2338.0,11.19,2015.0
64,2021-02-19 11:34:38.109454-05:00,17.08,5679,17.09,5943,11.18,2338.0,11.19,2015.0
65,2021-02-19 11:34:38.109454-05:00,17.08,5679,17.09,5943,11.18,2238.0,11.19,2268.0
66,2021-02-19 11:34:43.121311-05:00,17.08,5679,17.09,5943,11.18,2286.0,11.19,2276.0
67,2021-02-19 11:34:49.139015-05:00,17.08,5653,17.09,5912,11.18,2286.0,11.19,2276.0
68,2021-02-19 11:34:49.139015-05:00,17.08,5653,17.09,5912,11.18,2241.0,11.19,2463.0
69,2021-02-19 11:34:59.282118-05:00,17.08,5188,17.09,5998,11.18,2241.0,11.19,2463.0
70,2021-02-19 11:35:09.207976-05:00,17.08,2197,17.09,6258,11.18,1135.0,11.19,2664.0
71,2021-02-19 11:35:19.118763-05:00,17.08,2464,17.09,6256,11.18,1234.0,11.19,2576.0
72,2021-02-19 11:35:29.285554-05:00,17.08,953,17.09,6263,11.17,3869.0,11.18,1997.0
73,2021-02-19 11:35:39.148712-05:00,17.07,8697,17.08,5053,11.17,3783.0,11.18,2169.0
74,2021-02-19 11:35:39.148712-05:00,17.07,8697,17.08,5053,11.17,3752.0,11.18,2191.0
75,2021-02-19 11:35:49.128854-05:00,17.07,8413,17.08,5269,11.17,3752.0,11.18,2191.0
76,2021-02-19 11:35:59.239449-05:00,17.07,8767,17.08,5284,11.17,3752.0,11.18,2191.0
77,2021-02-19 11:35:59.239449-05:00,17.07,8767,17.08,5284,11.17,3758.0,11.18,2200.0
78,2021-02-19 11:36:09.263655-05:00,17.07,7407,17.08,6074,11.17,3560.0,11.18,2306.0
79,2021-02-19 11:36:19.148889-05:00,17.07,7218,17.08,6519,11.17,3535.0,11.18,2470.0
80,2021-02-19 11:36:28.168374-05:00,17.07,9032,17.08,5043,11.17,3535.0,11.18,2470.0
81,2021-02-19 11:36:28.168374-05:00,17.07,9032,17.08,5043,11.17,3852.0,11.18,2156.0
82,2021-02-19 11:36:39.053651-05:00,17.07,9310,17.08,4991,11.17,4142.0,11.18,1687.0
83,2021-02-19 11:36:49.083011-05:00,17.07,9246,17.08,4906,11.17,4119.0,11.18,1120.0
84,2021-02-19 11:36:49.083011-05:00,17.07,9246,17.08,4906,11.17,4069.0,11.18,1274.0
85,2021-02-19 11:36:58.206474-05:00,17.07,9201,17.08,4967,11.17,4069.0,11.18,1274.0
86,2021-02-19 11:37:01.212874-05:00,17.07,9201,17.08,4967,11.17,3816.0,11.18,1624.0
87,2021-02-19 11:37:09.166613-05:00,17.07,8875,17.08,5002,11.17,3816.0,11.18,1624.0
88,2021-02-19 11:37:09.166613-05:00,17.07,8875,17.08,5002,11.17,3772.0,11.18,1699.0
89,2021-02-19 11:37:16.183654-05:00,17.07,8799,17.08,5236,11.17,3772.0,11.18,1699.0
90,2021-02-19 11:37:16.183654-05:00,17.07,8799,17.08,5236,11.17,3816.0,11.18,1664.0
91,2021-02-19 11:37:28.213429-05:00,17.07,8875,17.08,5002,11.17,3816.0,11.18,1664.0
92,2021-02-19 11:37:39.151568-05:00,17.07,9064,17.08,5002,11.17,3816.0,11.18,1664.0
93,2021-02-19 11:37:39.151568-05:00,17.07,9064,17.08,5002,11.17,3816.0,11.18,1651.0
94,2021-02-19 11:37:48.046508-05:00,17.07,8875,17.08,5022,11.17,3816.0,11.18,1651.0
95,2021-02-19 11:37:59.080202-05:00,17.07,8991,17.08,5052,11.17,3817.0,11.18,1624.0
96,2021-02-19 11:37:59.080202-05:00,17.07,8991,17.08,5052,11.17,3787.0,11.18,1697.0
97,2021-02-19 11:38:06.136513-05:00,17.07,8915,17.08,5279,11.17,3787.0,11.18,1697.0
98,2021-02-19 11:38:06.136513-05:00,17.07,8915,17.08,5279,11.17,3779.0,11.18,1718.0
99,2021-02-19 11:38:19.193507-05:00,17.07,8915,17.08,5321,11.17,3779.0,11.18,1718.0
100,2021-02-19 11:38:27.122816-05:00,17.07,8915,17.08,5280,11.17,3780.0,11.18,1698.0
101,2021-02-19 11:38:38.144301-05:00,17.07,9104,17.08,5289,11.17,3780.0,11.18,1698.0
102,2021-02-19 11:38:38.144301-05:00,17.07,9104,17.08,5289,11.17,3776.0,11.18,1697.0
103,2021-02-19 11:38:38.144301-05:00,17.07,9104,17.08,5289,11.17,3763.0,11.18,1877.0
104,2021-02-19 11:38:49.176385-05:00,17.07,8879,17.08,5281,11.17,3763.0,11.18,1877.0
105,2021-02-19 11:38:57.180464-05:00,17.07,8879,17.08,5281,11.17,3081.0,11.18,2294.0
106,2021-02-19 11:38:59.119801-05:00,17.07,6857,17.08,6819,11.17,3081.0,11.18,2294.0
107,2021-02-19 11:39:01.124014-05:00,17.07,6857,17.08,6819,11.17,3010.0,11.18,2369.0
108,2021-02-19 11:39:09.108984-05:00,17.07,6875,17.08,7089,11.17,3010.0,11.18,2369.0
109,2021-02-19 11:39:09.108984-05:00,17.07,6875,17.08,7089,11.17,3175.0,11.18,2115.0
110,2021-02-19 11:39:19.159745-05:00,17.07,7295,17.08,6645,11.17,3175.0,11.18,2115.0
111,2021-02-19 11:39:29.176139-05:00,17.07,7303,17.08,6650,11.17,3181.0,11.18,2033.0
112,2021-02-19 11:39:29.176139-05:00,17.07,7303,17.08,6650,11.17,3233.0,11.18,2018.0
113,2021-02-19 11:39:39.177881-05:00,17.07,7113,17.08,6650,11.17,3233.0,11.18,2018.0
114,2021-02-19 11:39:43.186973-05:00,17.07,7113,17.08,6650,11.17,2953.0,11.18,2723.0
115,2021-02-19 11:39:49.223905-05:00,17.07,6598,17.08,7303,11.17,2953.0,11.18,2723.0
116,2021-02-19 11:39:59.074577-05:00,17.07,6233,17.08,7397,11.17,2459.0,11.18,2744.0
117,2021-02-19 11:40:08.181809-05:00,17.07,6775,17.08,7402,11.17,2582.0,11.18,2681.0
118,2021-02-19 11:40:19.238978-05:00,17.07,6586,17.08,7402,11.17,2579.0,11.18,2744.0
119,2021-02-19 11:40:28.269547-05:00,17.07,6558,17.08,7433,11.17,2579.0,11.18,2744.0
120,2021-02-19 11:40:28.269547-05:00,17.07,6558,17.08,7433,11.17,2292.0,11.18,2781.0
121,2021-02-19 11:40:36.044260-05:00,17.07,6558,17.08,7433,11.17,1645.0,11.18,2819.0
122,2021-02-19 11:40:39.285917-05:00,17.07,5910,17.08,7718,11.17,1645.0,11.18,2819.0
123,2021-02-19 11:40:49.292885-05:00,17.07,6352,17.08,7359,11.17,2360.0,11.18,2735.0
124,2021-02-19 11:40:59.062073-05:00,17.07,6304,17.08,7403,11.17,1980.0,11.18,2800.0
125,2021-02-19 11:40:59.062073-05:00,17.07,6304,17.08,7403,11.17,1197.0,11.18,2839.0
126,2021-02-19 11:41:09.291135-05:00,17.07,5563,17.08,7424,11.17,1197.0,11.18,2839.0
127,2021-02-19 11:41:19.181033-05:00,17.07,3638,17.08,6495,11.17,719.0,11.18,2609.0
128,2021-02-19 11:41:21.083944-05:00,17.07,3638,17.08,6495,11.16,2499.0,11.17,2095.0
129,2021-02-19 11:41:29.120323-05:00,17.07,2069,17.08,6522,11.16,2499.0,11.17,2095.0
130,2021-02-19 11:41:38.147377-05:00,17.07,3001,17.08,7513,11.16,2499.0,11.17,2095.0
131,2021-02-19 11:41:38.147377-05:00,17.07,3001,17.08,7513,11.16,2969.0,11.17,1349.0
132,2021-02-19 11:41:49.180918-05:00,17.07,2991,17.08,7541,11.16,2773.0,11.17,1616.0
133,2021-02-19 11:41:59.131538-05:00,17.07,2653,17.08,7748,11.16,2703.0,11.17,1787.0
134,2021-02-19 11:42:09.150460-05:00,17.07,2833,17.08,7748,11.16,2772.0,11.17,1765.0
135,2021-02-19 11:42:21.095573-05:00,17.07,2833,17.08,7748,11.16,2902.0,11.17,1498.0
136,2021-02-19 11:42:29.126948-05:00,17.07,2861,17.08,7636,11.16,2902.0,11.17,1498.0
137,2021-02-19 11:42:39.148085-05:00,17.07,2913,17.08,7636,11.16,2917.0,11.17,1435.0
138,2021-02-19 11:42:49.077736-05:00,17.07,2716,17.08,7621,11.16,2968.0,11.17,1446.0
139,2021-02-19 11:42:57.189674-05:00,17.07,2720,17.08,7620,11.16,2968.0,11.17,1446.0
140,2021-02-19 11:42:57.189674-05:00,17.07,2720,17.08,7620,11.16,2953.0,11.17,1365.0
141,2021-02-19 11:43:09.178712-05:00,17.07,2696,17.08,7666,11.16,2782.0,11.17,1633.0
142,2021-02-19 11:43:09.178712-05:00,17.07,2696,17.08,7666,11.16,2838.0,11.17,1526.0
143,2021-02-19 11:43:19.210516-05:00,17.07,2695,17.08,7660,11.16,2838.0,11.17,1526.0
144,2021-02-19 11:43:29.139649-05:00,17.07,2884,17.08,7654,11.16,2762.0,11.17,1554.0
145,2021-02-19 11:43:29.139649-05:00,17.07,2884,17.08,7654,11.16,2770.0,11.17,1664.0
146,2021-02-19 11:43:39.090676-05:00,17.07,2884,17.08,7661,11.16,2770.0,11.17,1664.0
147,2021-02-19 11:43:49.114393-05:00,17.07,2724,17.08,7629,11.16,2991.0,11.17,1445.0
148,2021-02-19 11:43:59.141317-05:00,17.07,2695,17.08,7662,11.16,2770.0,11.17,1669.0
149,2021-02-19 11:44:09.207476-05:00,17.07,2711,17.08,7662,11.16,2770.0,11.17,1580.0
150,2021-02-19 11:44:09.207476-05:00,17.07,2711,17.08,7662,11.16,2679.0,11.17,1818.0
151,2021-02-19 11:44:19.109783-05:00,17.07,2533,17.08,7670,11.16,2679.0,11.17,1818.0
152,2021-02-19 11:44:28.212286-05:00,17.07,2424,17.08,7655,11.16,2696.0,11.17,1807.0
153,2021-02-19 11:44:39.240443-05:00,17.07,2923,17.08,7652,11.16,2763.0,11.17,1763.0
154,2021-02-19 11:44:39.240443-05:00,17.07,2923,17.08,7652,11.16,2712.0,11.17,1807.0
155,2021-02-19 11:44:49.236139-05:00,17.07,2598,17.08,7653,11.16,2712.0,11.17,1807.0
156,2021-02-19 11:44:51.241102-05:00,17.07,2598,17.08,7653,11.16,2696.0,11.17,1807.0
157,2021-02-19 11:44:59.224157-05:00,17.07,2474,17.08,7653,11.16,2696.0,11.17,1807.0
158,2021-02-19 11:45:09.257862-05:00,17.07,2552,17.08,7652,11.16,2688.0,11.17,1806.0
159,2021-02-19 11:45:09.257862-05:00,17.07,2552,17.08,7652,11.16,2732.0,11.17,1807.0
160,2021-02-19 11:45:19.292242-05:00,17.07,2769,17.08,7652,11.16,2732.0,11.17,1807.0
161,2021-02-19 11:45:29.291764-05:00,17.07,2970,17.08,7636,11.16,2732.0,11.17,1807.0
162,2021-02-19 11:45:29.291764-05:00,17.07,2970,17.08,7636,11.16,2820.0,11.17,1763.0
163,2021-02-19 11:45:29.291764-05:00,17.07,2970,17.08,7636,11.16,2715.0,11.17,1777.0
164,2021-02-19 11:45:39.225542-05:00,17.07,2737,17.08,7661,11.16,2715.0,11.17,1777.0
165,2021-02-19 11:45:39.225542-05:00,17.07,2737,17.08,7661,11.16,2711.0,11.17,1807.0
166,2021-02-19 11:45:49.251356-05:00,17.07,2770,17.08,7661,11.16,2711.0,11.17,1807.0
167,2021-02-19 11:45:59.272190-05:00,17.07,2923,17.08,7633,11.16,2711.0,11.17,1807.0
168,2021-02-19 11:45:59.272190-05:00,17.07,2923,17.08,7633,11.16,2750.0,11.17,1769.0
169,2021-02-19 11:46:09.167165-05:00,17.06,7241,17.07,3839,11.16,1978.0,11.17,2232.0
170,2021-02-19 11:46:18.149292-05:00,17.06,6733,17.07,4297,11.16,1978.0,11.17,2232.0
171,2021-02-19 11:46:18.149292-05:00,17.06,6733,17.07,4297,11.16,2615.0,11.17,1792.0
172,2021-02-19 11:46:29.177739-05:00,17.06,6176,17.07,5070,11.16,2632.0,11.17,1792.0
173,2021-02-19 11:46:39.295017-05:00,17.06,5815,17.07,5286,11.16,2605.0,11.17,1792.0
174,2021-02-19 11:46:49.112764-05:00,17.06,5815,17.07,5262,11.16,2620.0,11.17,1792.0
175,2021-02-19 11:46:59.270988-05:00,17.06,5978,17.07,5032,11.16,2633.0,11.17,1796.0
176,2021-02-19 11:46:59.270988-05:00,17.06,5978,17.07,5032,11.16,1633.0,11.17,2967.0
177,2021-02-19 11:47:09.262355-05:00,17.06,4211,17.07,6366,11.16,1633.0,11.17,2967.0
178,2021-02-19 11:47:09.262355-05:00,17.06,4211,17.07,6366,11.16,2612.0,11.17,1769.0
179,2021-02-19 11:47:19.294498-05:00,17.06,6032,17.07,4972,11.16,2612.0,11.17,1769.0
180,2021-02-19 11:47:28.069821-05:00,17.06,5826,17.07,5122,11.16,2650.0,11.17,1769.0
181,2021-02-19 11:47:39.112117-05:00,17.06,6032,17.07,5096,11.16,2675.0,11.17,1769.0
182,2021-02-19 11:47:49.138034-05:00,17.06,6032,17.07,4841,11.16,2672.0,11.17,1769.0
183,2021-02-19 11:47:55.154380-05:00,17.06,6032,17.07,4841,11.16,2373.0,11.17,1996.0
184,2021-02-19 11:47:59.165328-05:00,17.06,5590,17.07,5166,11.16,2373.0,11.17,1996.0
185,2021-02-19 11:48:09.076477-05:00,17.06,5963,17.07,4895,11.16,2642.0,11.17,1721.0
186,2021-02-19 11:48:19.235864-05:00,17.06,6011,17.07,3835,11.16,2890.0,11.17,1459.0
187,2021-02-19 11:48:25.224510-05:00,17.06,6011,17.07,3835,11.16,2980.0,11.17,992.0
188,2021-02-19 11:48:29.238346-05:00,17.06,6194,17.07,3426,11.16,2980.0,11.17,992.0
189,2021-02-19 11:48:39.209214-05:00,17.06,6253,17.07,2945,11.16,3044.0,11.17,553.0
190,2021-02-19 11:48:39.209214-05:00,17.06,6253,17.07,2945,11.16,3029.0,11.17,432.0
191,2021-02-19 11:48:55.097127-05:00,17.06,6253,17.07,2945,11.16,3012.0,11.17,578.0
192,2021-02-19 11:48:59.106957-05:00,17.06,6092,17.07,2910,11.16,3012.0,11.17,578.0
193,2021-02-19 11:49:09.138461-05:00,17.06,6101,17.07,3107,11.16,3023.0,11.17,615.0
194,2021-02-19 11:49:19.156935-05:00,17.06,6111,17.07,1178,11.16,4014.0,11.17,65.0
195,2021-02-19 11:49:25.095132-05:00,17.06,6111,17.07,1178,11.16,3561.0,11.17,564.0
196,2021-02-19 11:49:29.107659-05:00,17.06,6232,17.07,3148,11.16,3561.0,11.17,564.0
197,2021-02-19 11:49:29.107659-05:00,17.06,6232,17.07,3148,11.16,3544.0,11.17,476.0
198,2021-02-19 11:49:39.176302-05:00,17.06,6235,17.07,3115,11.16,3544.0,11.17,476.0
199,2021-02-19 11:49:39.176302-05:00,17.06,6235,17.07,3115,11.16,3617.0,11.17,339.0
200,2021-02-19 11:49:47.196121-05:00,17.06,6247,17.07,2735,11.16,3617.0,11.17,339.0
201,2021-02-19 11:49:58.036474-05:00,17.06,6247,17.07,2735,11.17,2790.0,11.18,2447.0
202,2021-02-19 11:49:59.083623-05:00,17.07,5309,17.08,7019,11.17,2790.0,11.18,2447.0
203,2021-02-19 11:50:09.107606-05:00,17.07,5097,17.08,6780,11.17,2669.0,11.18,2584.0
204,2021-02-19 11:50:09.107606-05:00,17.07,5097,17.08,6780,11.17,2602.0,11.18,2606.0
205,2021-02-19 11:50:19.132407-05:00,17.07,5086,17.08,6851,11.17,2602.0,11.18,2606.0
206,2021-02-19 11:50:28.155490-05:00,17.07,5123,17.08,7088,11.17,2602.0,11.18,2606.0
207,2021-02-19 11:50:28.155490-05:00,17.07,5123,17.08,7088,11.17,2104.0,11.18,2956.0
208,2021-02-19 11:50:39.085566-05:00,17.07,4629,17.08,7091,11.17,1362.0,11.18,2948.0
209,2021-02-19 11:50:46.103071-05:00,17.07,4629,17.08,7091,11.17,1362.0,11.18,2941.0
210,2021-02-19 11:50:49.109928-05:00,17.07,4409,17.08,7116,11.17,1362.0,11.18,2941.0
211,2021-02-19 11:50:58.133373-05:00,17.07,4961,17.08,6926,11.17,1833.0,11.18,2790.0
212,2021-02-19 11:51:06.116899-05:00,17.07,2363,17.08,7063,11.17,1833.0,11.18,2790.0
213,2021-02-19 11:51:06.116899-05:00,17.07,2363,17.08,7063,11.17,530.0,11.18,3053.0
214,2021-02-19 11:51:06.116899-05:00,17.07,2363,17.08,7063,11.16,2962.0,11.17,2355.0
215,2021-02-19 11:51:19.153467-05:00,17.07,2147,17.08,7071,11.16,2962.0,11.17,2355.0
216,2021-02-19 11:51:25.175493-05:00,17.07,2147,17.08,7071,11.16,2802.0,11.17,2186.0
217,2021-02-19 11:51:29.186976-05:00,17.07,1992,17.08,7053,11.16,2802.0,11.17,2186.0
218,2021-02-19 11:51:29.186976-05:00,17.07,1992,17.08,7053,11.16,2744.0,11.17,2379.0
219,2021-02-19 11:51:39.279765-05:00,17.07,2112,17.08,7072,11.16,2744.0,11.17,2379.0
220,2021-02-19 11:51:49.252249-05:00,17.07,2381,17.08,7036,11.16,3083.0,11.17,1824.0
221,2021-02-19 11:51:55.018744-05:00,17.07,2381,17.08,7036,11.16,2946.0,11.17,1841.0
222,2021-02-19 11:51:59.281227-05:00,17.07,2361,17.08,7071,11.16,2946.0,11.17,1841.0
223,2021-02-19 11:52:09.214665-05:00,17.07,2088,17.08,7052,11.16,3075.0,11.17,1718.0
224,2021-02-19 11:52:19.245741-05:00,17.07,2231,17.08,7035,11.16,3071.0,11.17,1718.0
225,2021-02-19 11:52:29.277251-05:00,17.07,2454,17.08,7028,11.16,3011.0,11.17,1753.0
226,2021-02-19 11:52:39.216506-05:00,17.07,2320,17.08,7019,11.16,3194.0,11.17,1388.0
227,2021-02-19 11:52:39.216506-05:00,17.07,2320,17.08,7019,11.16,3169.0,11.17,1386.0
228,2021-02-19 11:52:59.281483-05:00,17.07,2313,17.08,7050,11.16,2950.0,11.17,1699.0
229,2021-02-19 11:53:09.202595-05:00,17.07,2313,17.08,7053,11.16,3113.0,11.17,1638.0
230,2021-02-19 11:53:12.208594-05:00,17.07,2313,17.08,7053,11.16,3311.0,11.17,834.0
231,2021-02-19 11:53:19.202243-05:00,17.07,2972,17.08,6888,11.16,3311.0,11.17,834.0
232,2021-02-19 11:53:29.217218-05:00,17.07,2980,17.08,6893,11.16,3307.0,11.17,874.0
233,2021-02-19 11:53:33.207132-05:00,17.07,2980,17.08,6893,11.16,3307.0,11.17,822.0
234,2021-02-19 11:53:39.260042-05:00,17.07,2886,17.08,6860,11.16,3307.0,11.17,822.0
235,2021-02-19 11:53:39.260042-05:00,17.07,2886,17.08,6860,11.16,3383.0,11.17,757.0
236,2021-02-19 11:53:49.213850-05:00,17.07,3152,17.08,6794,11.16,3383.0,11.17,757.0
237,2021-02-19 11:53:55.234801-05:00,17.07,3152,17.08,6794,11.16,3383.0,11.17,753.0
238,2021-02-19 11:53:59.244980-05:00,17.07,3190,17.08,6794,11.16,3383.0,11.17,753.0
239,2021-02-19 11:53:59.244980-05:00,17.07,3190,17.08,6794,11.16,3383.0,11.17,755.0
240,2021-02-19 11:54:19.059396-05:00,17.07,3351,17.08,6929,11.16,3326.0,11.17,554.0
241,2021-02-19 11:54:28.145902-05:00,17.07,3323,17.08,6929,11.16,3326.0,11.17,554.0
242,2021-02-19 11:54:28.145902-05:00,17.07,3323,17.08,6929,11.16,3326.0,11.17,559.0
243,2021-02-19 11:54:39.250425-05:00,17.07,3825,17.08,6643,11.16,3648.0,11.17,210.0
244,2021-02-19 11:54:47.026432-05:00,17.07,3769,17.08,6516,11.16,3871.0,11.17,479.0
245,2021-02-19 11:54:59.149377-05:00,17.07,3751,17.08,6636,11.16,3873.0,11.17,469.0
246,2021-02-19 11:54:59.149377-05:00,17.07,3751,17.08,6636,11.16,3784.0,11.17,698.0
247,2021-02-19 11:55:09.173513-05:00,17.07,3686,17.08,6941,11.16,3784.0,11.17,698.0
248,2021-02-19 11:55:19.198367-05:00,17.07,3886,17.08,6882,11.16,3818.0,11.17,592.0
249,2021-02-19 11:55:24.210536-05:00,17.07,3621,17.08,6948,11.16,3818.0,11.17,592.0
250,2021-02-19 11:55:27.218484-05:00,17.07,3621,17.08,6948,11.16,3652.0,11.17,775.0
251,2021-02-19 11:55:31.192720-05:00,17.07,3666,17.08,6948,11.16,3652.0,11.17,775.0
252,2021-02-19 11:55:31.192720-05:00,17.07,3666,17.08,6948,11.16,3652.0,11.17,752.0
253,2021-02-19 11:55:49.237559-05:00,17.07,3941,17.08,6670,11.16,3760.0,11.17,669.0
254,2021-02-19 11:55:59.112428-05:00,17.07,3920,17.08,6778,11.16,3750.0,11.17,625.0
255,2021-02-19 11:55:59.112428-05:00,17.07,3920,17.08,6778,11.16,3747.0,11.17,528.0
256,2021-02-19 11:56:09.138100-05:00,17.07,3763,17.08,6706,11.16,3747.0,11.17,528.0
257,2021-02-19 11:56:09.138100-05:00,17.07,3763,17.08,6706,11.16,3708.0,11.17,758.0
258,2021-02-19 11:56:19.281083-05:00,17.07,3725,17.08,6833,11.16,3708.0,11.17,758.0
259,2021-02-19 11:56:29.206061-05:00,17.07,3771,17.08,6804,11.16,3728.0,11.17,608.0
260,2021-02-19 11:56:37.194555-05:00,17.07,3872,17.08,6883,11.16,3708.0,11.17,797.0
261,2021-02-19 11:56:47.081259-05:00,17.07,3889,17.08,6911,11.16,3708.0,11.17,797.0
262,2021-02-19 11:56:47.081259-05:00,17.07,3889,17.08,6911,11.16,3556.0,11.17,681.0
263,2021-02-19 11:56:57.239758-05:00,17.07,3889,17.08,6911,11.16,3584.0,11.17,736.0
264,2021-02-19 11:56:59.246122-05:00,17.07,3889,17.08,6678,11.16,3584.0,11.17,736.0
265,2021-02-19 11:56:59.246122-05:00,17.07,3889,17.08,6678,11.16,3583.0,11.17,647.0
266,2021-02-19 11:57:09.265428-05:00,17.07,3909,17.08,6668,11.16,3583.0,11.17,647.0
267,2021-02-19 11:57:09.265428-05:00,17.07,3909,17.08,6668,11.16,3562.0,11.17,644.0
268,2021-02-19 11:57:19.228558-05:00,17.07,3778,17.08,6894,11.16,3562.0,11.17,644.0
269,2021-02-19 11:57:19.228558-05:00,17.07,3778,17.08,6894,11.16,3556.0,11.17,646.0
270,2021-02-19 11:57:29.051902-05:00,17.07,3697,17.08,6894,11.16,3556.0,11.17,646.0
271,2021-02-19 11:57:29.051902-05:00,17.07,3697,17.08,6894,11.16,3470.0,11.17,737.0
272,2021-02-19 11:57:39.146966-05:00,17.07,3873,17.08,6894,11.16,3470.0,11.17,737.0
273,2021-02-19 11:57:39.146966-05:00,17.07,3873,17.08,6894,11.16,3481.0,11.17,717.0
274,2021-02-19 11:57:48.171536-05:00,17.07,3897,17.08,6894,11.16,3481.0,11.17,717.0
275,2021-02-19 11:57:56.041216-05:00,17.07,3890,17.08,6894,11.16,3481.0,11.17,717.0
276,2021-02-19 11:57:56.041216-05:00,17.07,3890,17.08,6894,11.16,3483.0,11.17,795.0
277,2021-02-19 11:58:09.047428-05:00,17.07,3711,17.08,6894,11.16,3478.0,11.17,719.0
278,2021-02-19 11:58:09.047428-05:00,17.07,3711,17.08,6894,11.16,3484.0,11.17,777.0
279,2021-02-19 11:58:19.070528-05:00,17.07,3711,17.08,6900,11.16,3484.0,11.17,777.0
280,2021-02-19 11:58:29.092432-05:00,17.07,3920,17.08,6443,11.16,3627.0,11.17,566.0
281,2021-02-19 11:58:39.204379-05:00,17.07,4559,17.08,6169,11.16,3652.0,11.17,332.0
282,2021-02-19 11:58:49.229227-05:00,17.07,4567,17.08,6098,11.17,3558.0,11.18,2718.0
283,2021-02-19 11:58:57.254407-05:00,17.07,4542,17.08,6126,11.17,3558.0,11.18,2718.0
284,2021-02-19 11:58:57.254407-05:00,17.07,4542,17.08,6126,11.17,3284.0,11.18,2343.0
285,2021-02-19 11:59:09.305448-05:00,17.07,6546,17.08,4304,11.17,4164.0,11.18,1048.0
286,2021-02-19 11:59:19.133428-05:00,17.07,6420,17.08,2767,11.17,4707.0,11.18,754.0
287,2021-02-19 11:59:29.080940-05:00,17.07,6287,17.08,3009,11.17,4530.0,11.18,998.0
288,2021-02-19 11:59:38.035970-05:00,17.07,6012,17.08,3103,11.17,4170.0,11.18,1420.0
289,2021-02-19 11:59:48.073446-05:00,17.07,5869,17.08,3132,11.17,4170.0,11.18,1420.0
290,2021-02-19 11:59:48.073446-05:00,17.07,5869,17.08,3132,11.17,3989.0,11.18,1567.0
291,2021-02-19 11:59:56.090747-05:00,17.07,5700,17.08,3210,11.17,3989.0,11.18,1567.0
292,2021-02-19 11:59:56.090747-05:00,17.07,5700,17.08,3210,11.17,3944.0,11.18,1758.0
293,2021-02-19 12:00:09.086566-05:00,17.07,5842,17.08,3145,11.17,3944.0,11.18,1608.0
294,2021-02-19 12:00:19.114476-05:00,17.07,5633,17.08,3627,11.17,3405.0,11.18,2015.0
295,2021-02-19 12:00:19.114476-05:00,17.07,5633,17.08,3627,11.17,3860.0,11.18,1534.0
296,2021-02-19 12:00:29.143899-05:00,17.07,5910,17.08,3347,11.17,3860.0,11.18,1534.0
297,2021-02-19 12:00:39.177634-05:00,17.07,6055,17.08,3305,11.17,3869.0,11.18,1343.0
298,2021-02-19 12:00:48.130983-05:00,17.07,5700,17.08,3390,11.17,3869.0,11.18,1343.0
299,2021-02-19 12:00:48.130983-05:00,17.07,5700,17.08,3390,11.17,3754.0,11.18,1740.0
300,2021-02-19 12:00:59.156576-05:00,17.07,4628,17.08,4817,11.17,3050.0,11.18,2406.0
301,2021-02-19 12:01:07.176988-05:00,17.07,3668,17.08,5638,11.17,3050.0,11.18,2406.0
302,2021-02-19 12:01:07.176988-05:00,17.07,3668,17.08,5638,11.17,2269.0,11.18,2664.0
303,2021-02-19 12:01:19.238059-05:00,17.07,3701,17.08,5630,11.17,2127.0,11.18,2641.0
304,2021-02-19 12:01:19.238059-05:00,17.07,3701,17.08,5630,11.17,2669.0,11.18,2420.0
305,2021-02-19 12:01:29.263858-05:00,17.07,3859,17.08,5132,11.17,2669.0,11.18,2420.0
306,2021-02-19 12:01:29.263858-05:00,17.07,3859,17.08,5132,11.17,2629.0,11.18,2399.0
307,2021-02-19 12:01:39.231530-05:00,17.07,3954,17.08,5195,11.17,2629.0,11.18,2399.0
308,2021-02-19 12:01:49.197862-05:00,17.07,3784,17.08,5252,11.17,2519.0,11.18,2355.0
309,2021-02-19 12:01:59.231573-05:00,17.07,3770,17.08,5380,11.17,2513.0,11.18,2413.0
310,2021-02-19 12:02:09.257442-05:00,17.07,3719,17.08,5417,11.17,2070.0,11.18,2659.0
311,2021-02-19 12:02:09.257442-05:00,17.07,3719,17.08,5417,11.17,567.0,11.18,2514.0
312,2021-02-19 12:02:19.150208-05:00,17.07,1938,17.08,4713,11.17,567.0,11.18,2514.0
313,2021-02-19 12:02:29.164503-05:00,17.07,2452,17.08,5831,11.17,106.0,11.18,2958.0
314,2021-02-19 12:02:39.216288-05:00,17.07,3130,17.08,5701,11.17,1126.0,11.18,2820.0
315,2021-02-19 12:02:48.193690-05:00,17.07,3115,17.08,5709,11.17,1123.0,11.18,2826.0
316,2021-02-19 12:02:48.193690-05:00,17.07,3115,17.08,5709,11.17,1425.0,11.18,2718.0
317,2021-02-19 12:02:59.056296-05:00,17.07,3465,17.08,5608,11.17,1425.0,11.18,2718.0
318,2021-02-19 12:03:09.108502-05:00,17.07,3405,17.08,5560,11.17,1608.0,11.18,2555.0
319,2021-02-19 12:03:19.186343-05:00,17.07,3562,17.08,5470,11.17,1608.0,11.18,2633.0
320,2021-02-19 12:03:29.091874-05:00,17.07,5828,17.08,3439,11.17,2483.0,11.18,1695.0
321,2021-02-19 12:03:39.118826-05:00,17.07,6207,17.08,3304,11.17,2874.0,11.18,1000.0
322,2021-02-19 12:03:39.118826-05:00,17.07,6207,17.08,3304,11.17,3031.0,11.18,501.0
323,2021-02-19 12:03:49.150795-05:00,17.07,6096,17.08,2278,11.17,3031.0,11.18,501.0
324,2021-02-19 12:03:59.120134-05:00,17.07,6542,17.08,1974,11.18,3063.0,11.19,2315.0
325,2021-02-19 12:04:03.129715-05:00,17.07,6542,17.08,1974,11.18,3143.0,11.19,2194.0
326,2021-02-19 12:04:09.146015-05:00,17.07,6542,17.08,1990,11.18,3143.0,11.19,2194.0
327,2021-02-19 12:04:09.146015-05:00,17.07,6542,17.08,1990,11.18,2597.0,11.19,2392.0
328,2021-02-19 12:04:19.179086-05:00,17.07,6384,17.08,2142,11.18,2597.0,11.19,2392.0
329,2021-02-19 12:04:27.203398-05:00,17.07,6384,17.08,2142,11.18,2607.0,11.19,2386.0
330,2021-02-19 12:04:29.284868-05:00,17.07,6494,17.08,2017,11.18,2607.0,11.19,2386.0
331,2021-02-19 12:04:33.152746-05:00,17.07,6494,17.08,2017,11.18,2675.0,11.19,2281.0
332,2021-02-19 12:04:39.171495-05:00,17.07,6445,17.08,2012,11.18,2675.0,11.19,2281.0
333,2021-02-19 12:04:49.223776-05:00,17.07,6328,17.08,1820,11.18,2793.0,11.19,2022.0
334,2021-02-19 12:04:49.223776-05:00,17.07,6328,17.08,1820,11.18,2735.0,11.19,2201.0
335,2021-02-19 12:04:59.220297-05:00,17.07,6328,17.08,1988,11.18,2735.0,11.19,2201.0
336,2021-02-19 12:05:08.197137-05:00,17.07,6592,17.08,1810,11.18,2777.0,11.19,2078.0
337,2021-02-19 12:05:18.227822-05:00,17.07,6592,17.08,1810,11.18,3222.0,11.19,1397.0
338,2021-02-19 12:05:19.231724-05:00,17.07,7940,17.08,851,11.18,3222.0,11.19,1397.0
339,2021-02-19 12:05:29.263617-05:00,17.08,7355,17.09,4053,11.18,3668.0,11.19,1148.0
340,2021-02-19 12:05:39.037235-05:00,17.08,5704,17.09,5380,11.18,3110.0,11.19,1664.0
341,2021-02-19 12:05:48.024882-05:00,17.08,5521,17.09,5637,11.18,3110.0,11.19,1664.0
342,2021-02-19 12:05:48.024882-05:00,17.08,5521,17.09,5637,11.18,2724.0,11.19,2208.0
343,2021-02-19 12:05:57.206980-05:00,17.08,5521,17.09,5637,11.18,2856.0,11.19,1861.0
344,2021-02-19 12:05:59.211133-05:00,17.08,5588,17.09,5544,11.18,2856.0,11.19,1861.0
345,2021-02-19 12:06:03.220693-05:00,17.08,5588,17.09,5544,11.18,3200.0,11.19,1515.0
346,2021-02-19 12:06:09.075094-05:00,17.08,5711,17.09,4916,11.18,3200.0,11.19,1515.0
347,2021-02-19 12:06:19.243777-05:00,17.08,5419,17.09,5285,11.18,2724.0,11.19,2210.0
348,2021-02-19 12:06:29.267357-05:00,17.08,4875,17.09,5322,11.18,2620.0,11.19,2616.0
349,2021-02-19 12:06:39.046198-05:00,17.08,4392,17.09,5416,11.18,2425.0,11.19,2707.0
350,2021-02-19 12:06:49.075121-05:00,17.08,4838,17.09,5293,11.18,2425.0,11.19,2707.0
351,2021-02-19 12:06:49.075121-05:00,17.08,4838,17.09,5293,11.18,2584.0,11.19,2499.0
352,2021-02-19 12:06:59.102771-05:00,17.08,4867,17.09,5274,11.18,2660.0,11.19,2414.0
353,2021-02-19 12:07:05.120798-05:00,17.08,5008,17.09,5270,11.18,2660.0,11.19,2414.0
354,2021-02-19 12:07:05.120798-05:00,17.08,5008,17.09,5270,11.18,2614.0,11.19,2455.0
355,2021-02-19 12:07:19.163140-05:00,17.08,2979,17.09,5530,11.18,978.0,11.19,2857.0
356,2021-02-19 12:07:29.193843-05:00,17.08,3280,17.09,5529,11.18,1377.0,11.19,2775.0
357,2021-02-19 12:07:39.216739-05:00,17.08,4070,17.09,5280,11.18,1810.0,11.19,2634.0
358,2021-02-19 12:07:39.216739-05:00,17.08,4070,17.09,5280,11.18,1832.0,11.19,2601.0
359,2021-02-19 12:07:49.236399-05:00,17.08,3926,17.09,5258,11.18,1832.0,11.19,2601.0
360,2021-02-19 12:07:59.258443-05:00,17.08,3899,17.09,5274,11.18,1810.0,11.19,2638.0
361,2021-02-19 12:08:09.281652-05:00,17.08,4277,17.09,5293,11.18,2082.0,11.19,2351.0
362,2021-02-19 12:08:19.054164-05:00,17.08,4447,17.09,5285,11.18,2109.0,11.19,2270.0
363,2021-02-19 12:08:28.074665-05:00,17.08,4507,17.09,5100,11.18,2454.0,11.19,1847.0
364,2021-02-19 12:08:37.092944-05:00,17.08,4327,17.09,5263,11.18,2454.0,11.19,1847.0
365,2021-02-19 12:08:37.092944-05:00,17.08,4327,17.09,5263,11.18,2099.0,11.19,2263.0
366,2021-02-19 12:08:41.100663-05:00,17.08,4327,17.09,5263,11.18,2520.0,11.19,1416.0
367,2021-02-19 12:08:49.119005-05:00,17.08,4981,17.09,4844,11.18,2520.0,11.19,1416.0
368,2021-02-19 12:08:59.140975-05:00,17.08,5541,17.09,4325,11.18,2706.0,11.19,1144.0
369,2021-02-19 12:09:03.148288-05:00,17.08,5541,17.09,4325,11.18,2940.0,11.19,1082.0
370,2021-02-19 12:09:09.159850-05:00,17.08,6675,17.09,3637,11.18,2940.0,11.19,1082.0
371,2021-02-19 12:09:19.178229-05:00,17.08,6763,17.09,2999,11.18,2913.0,11.19,761.0
372,2021-02-19 12:09:19.178229-05:00,17.08,6763,17.09,2999,11.18,2923.0,11.19,779.0
373,2021-02-19 12:09:29.121483-05:00,17.08,6763,17.09,2989,11.18,2923.0,11.19,779.0
374,2021-02-19 12:09:39.190616-05:00,17.08,5772,17.09,4500,11.18,2594.0,11.19,1297.0
375,2021-02-19 12:09:39.190616-05:00,17.08,5772,17.09,4500,11.18,2636.0,11.19,1131.0
376,2021-02-19 12:09:49.208124-05:00,17.08,6615,17.09,3657,11.18,2636.0,11.19,1131.0
377,2021-02-19 12:09:59.179141-05:00,17.08,4909,17.09,5267,11.18,2270.0,11.19,2153.0
378,2021-02-19 12:10:09.201188-05:00,17.08,4869,17.09,5233,11.18,2106.0,11.19,2118.0
379,2021-02-19 12:10:09.201188-05:00,17.08,4869,17.09,5233,11.18,2707.0,11.19,1386.0
380,2021-02-19 12:10:19.070970-05:00,17.08,5475,17.09,4513,11.18,2707.0,11.19,1386.0
381,2021-02-19 12:10:24.031143-05:00,17.08,5475,17.09,4513,11.18,2901.0,11.19,1124.0
382,2021-02-19 12:10:29.239994-05:00,17.08,5895,17.09,3677,11.18,2901.0,11.19,1124.0
383,2021-02-19 12:10:39.208887-05:00,17.08,5390,17.09,4519,11.18,2603.0,11.19,1269.0
384,2021-02-19 12:10:49.256175-05:00,17.08,5390,17.09,4471,11.18,2882.0,11.19,1282.0
385,2021-02-19 12:10:59.277275-05:00,17.08,5895,17.09,3693,11.18,3105.0,11.19,1126.0
386,2021-02-19 12:11:09.050190-05:00,17.08,5335,17.09,4950,11.18,2747.0,11.19,1362.0
387,2021-02-19 12:11:18.234860-05:00,17.08,4427,17.09,5369,11.18,2747.0,11.19,1362.0
388,2021-02-19 12:11:18.234860-05:00,17.08,4427,17.09,5369,11.18,2013.0,11.19,2330.0
389,2021-02-19 12:11:29.263916-05:00,17.08,4491,17.09,5329,11.18,2026.0,11.19,2208.0
390,2021-02-19 12:11:38.154905-05:00,17.08,4372,17.09,5329,11.18,2026.0,11.19,2208.0
391,2021-02-19 12:11:38.154905-05:00,17.08,4372,17.09,5329,11.18,2000.0,11.19,2330.0
392,2021-02-19 12:11:49.172587-05:00,17.08,4461,17.09,5329,11.18,2026.0,11.19,2176.0
393,2021-02-19 12:11:58.185859-05:00,17.08,4669,17.09,5296,11.18,2026.0,11.19,2176.0
394,2021-02-19 12:11:58.185859-05:00,17.08,4669,17.09,5296,11.18,2088.0,11.19,2148.0
395,2021-02-19 12:11:58.185859-05:00,17.08,4669,17.09,5296,11.18,2000.0,11.19,2210.0
396,2021-02-19 12:12:09.204238-05:00,17.08,4374,17.09,5308,11.18,2000.0,11.19,2210.0
397,2021-02-19 12:12:09.204238-05:00,17.08,4374,17.09,5308,11.18,1902.0,11.19,2261.0
398,2021-02-19 12:12:19.220618-05:00,17.08,3870,17.09,5308,11.18,1902.0,11.19,2261.0
399,2021-02-19 12:12:28.235961-05:00,17.08,4254,17.09,5294,11.18,1902.0,11.19,2261.0
400,2021-02-19 12:12:28.235961-05:00,17.08,4254,17.09,5294,11.18,2042.0,11.19,2149.0
401,2021-02-19 12:12:39.261827-05:00,17.08,4992,17.09,4846,11.18,2582.0,11.19,1380.0
402,2021-02-19 12:12:39.261827-05:00,17.08,4992,17.09,4846,11.18,2532.0,11.19,1454.0
403,2021-02-19 12:12:49.028815-05:00,17.08,5095,17.09,4873,11.18,2532.0,11.19,1454.0
404,2021-02-19 12:12:58.044501-05:00,17.08,5512,17.09,4540,11.18,2532.0,11.19,1454.0
405,2021-02-19 12:12:58.044501-05:00,17.08,5512,17.09,4540,11.18,2589.0,11.19,1290.0
406,2021-02-19 12:13:05.209123-05:00,17.08,5512,17.09,4540,11.18,2574.0,11.19,1308.0
407,2021-02-19 12:13:09.156582-05:00,17.08,5338,17.09,4530,11.18,2574.0,11.19,1308.0
408,2021-02-19 12:13:09.156582-05:00,17.08,5338,17.09,4530,11.18,2577.0,11.19,1325.0
409,2021-02-19 12:13:19.245617-05:00,17.08,5348,17.09,4617,11.18,2577.0,11.19,1325.0
410,2021-02-19 12:13:19.245617-05:00,17.08,5348,17.09,4617,11.18,2978.0,11.19,833.0
411,2021-02-19 12:13:29.232707-05:00,17.08,6754,17.09,3040,11.18,2978.0,11.19,833.0
412,2021-02-19 12:13:39.110331-05:00,17.08,7163,17.09,2790,11.18,3168.0,11.19,226.0
413,2021-02-19 12:13:49.126414-05:00,17.08,7289,17.09,2503,11.19,2527.0,11.2,2094.0
414,2021-02-19 12:13:59.147534-05:00,17.08,7122,17.09,2706,11.19,2467.0,11.2,2019.0
415,2021-02-19 12:13:59.147534-05:00,17.08,7122,17.09,2706,11.19,2521.0,11.2,2010.0
416,2021-02-19 12:14:08.167462-05:00,17.08,7499,17.09,2122,11.19,2521.0,11.2,2010.0
417,2021-02-19 12:14:19.191871-05:00,17.08,7745,17.09,1730,11.19,2521.0,11.2,2010.0
418,2021-02-19 12:14:19.193182-05:00,17.08,7745,17.09,1730,11.19,2806.0,11.2,1712.0
419,2021-02-19 12:14:29.213700-05:00,17.08,7933,17.09,200,11.19,3620.0,11.2,939.0
420,2021-02-19 12:14:29.214662-05:00,17.08,7933,17.09,200,11.19,3032.0,11.2,1311.0
421,2021-02-19 12:14:39.236987-05:00,17.08,7752,17.09,1338,11.19,3032.0,11.2,1311.0
422,2021-02-19 12:14:49.260181-05:00,17.08,7389,17.09,1734,11.19,3032.0,11.2,1311.0
423,2021-02-19 12:14:49.260181-05:00,17.08,7389,17.09,1734,11.19,2602.0,11.2,1783.0
424,2021-02-19 12:14:59.284261-05:00,17.08,7627,17.09,1739,11.19,2642.0,11.2,1759.0
425,2021-02-19 12:15:00.075143-05:00,17.08,7627,17.09,1739,11.19,2788.0,11.2,1769.0
426,2021-02-19 12:15:09.057339-05:00,17.08,7470,17.09,1716,11.19,2788.0,11.2,1769.0
427,2021-02-19 12:15:19.080857-05:00,17.08,7530,17.09,1311,11.19,3034.0,11.2,1359.0
428,2021-02-19 12:15:29.103358-05:00,17.08,7882,17.09,1531,11.19,2993.0,11.2,1564.0
429,2021-02-19 12:15:39.125869-05:00,17.08,7585,17.09,1716,11.19,2993.0,11.2,1564.0
430,2021-02-19 12:15:39.125869-05:00,17.08,7585,17.09,1716,11.19,2815.0,11.2,1768.0
431,2021-02-19 12:15:49.148901-05:00,17.09,9819,17.1,2334,11.2,3429.0,11.21,1220.0
432,2021-02-19 12:15:59.171177-05:00,17.09,9253,17.1,2749,11.2,3351.0,11.21,1558.0
433,2021-02-19 12:16:09.194892-05:00,17.09,9143,17.1,2801,11.2,3351.0,11.21,1558.0
434,2021-02-19 12:16:09.194892-05:00,17.09,9143,17.1,2801,11.2,2982.0,11.21,1880.0
435,2021-02-19 12:16:19.217106-05:00,17.09,8805,17.1,2880,11.2,2866.0,11.21,1959.0
436,2021-02-19 12:16:29.239639-05:00,17.09,6999,17.1,4747,11.2,2866.0,11.21,1959.0
437,2021-02-19 12:16:29.239639-05:00,17.09,6999,17.1,4747,11.2,1314.0,11.21,2487.0
438,2021-02-19 12:16:39.260138-05:00,17.09,7100,17.1,3620,11.2,1247.0,11.21,2587.0
439,2021-02-19 12:16:39.260138-05:00,17.09,7100,17.1,3620,11.2,1304.0,11.21,2538.0
440,2021-02-19 12:16:49.283166-05:00,17.09,7032,17.1,4641,11.2,1304.0,11.21,2538.0
441,2021-02-19 12:16:59.230013-05:00,17.09,6452,17.1,4768,11.2,865.0,11.21,2613.0
442,2021-02-19 12:17:09.247620-05:00,17.09,6330,17.1,5296,11.2,865.0,11.21,2613.0
443,2021-02-19 12:17:09.247620-05:00,17.09,6330,17.1,5296,11.19,3239.0,11.2,2631.0
444,2021-02-19 12:17:19.269009-05:00,17.09,6413,17.1,5279,11.19,3136.0,11.2,2560.0
445,2021-02-19 12:17:29.041129-05:00,17.09,6156,17.1,5293,11.19,2816.0,11.2,2648.0
446,2021-02-19 12:17:39.058633-05:00,17.09,4927,17.1,5411,11.19,2816.0,11.2,2648.0
447,2021-02-19 12:17:39.058633-05:00,17.09,4927,17.1,5411,11.19,2564.0,11.2,3008.0
448,2021-02-19 12:17:49.080901-05:00,17.09,5291,17.1,5376,11.19,2564.0,11.2,3008.0
449,2021-02-19 12:17:49.080901-05:00,17.09,5291,17.1,5376,11.19,2815.0,11.2,2702.0
450,2021-02-19 12:17:59.102414-05:00,17.09,5432,17.1,5351,11.19,2784.0,11.2,2713.0
451,2021-02-19 12:18:08.121600-05:00,17.09,5692,17.1,5203,11.19,2784.0,11.2,2713.0
452,2021-02-19 12:18:08.121600-05:00,17.09,5692,17.1,5203,11.19,3064.0,11.2,2560.0
453,2021-02-19 12:18:08.121600-05:00,17.09,5692,17.1,5203,11.19,2619.0,11.2,3017.0
454,2021-02-19 12:18:19.144779-05:00,17.09,4949,17.1,5406,11.19,2619.0,11.2,3017.0
455,2021-02-19 12:18:29.170224-05:00,17.09,5787,17.1,5132,11.19,3110.0,11.2,2552.0
456,2021-02-19 12:18:39.190056-05:00,17.09,5896,17.1,4973,11.19,3252.0,11.2,2447.0
457,2021-02-19 12:18:39.190056-05:00,17.09,5896,17.1,4973,11.19,3246.0,11.2,2487.0
458,2021-02-19 12:18:48.207746-05:00,17.09,5797,17.1,5142,11.19,3246.0,11.2,2487.0
459,2021-02-19 12:18:48.207746-05:00,17.09,5797,17.1,5142,11.19,2820.0,11.2,2570.0
460,2021-02-19 12:18:59.233722-05:00,17.09,5437,17.1,5184,11.19,2820.0,11.2,2570.0
461,2021-02-19 12:18:59.233722-05:00,17.09,5437,17.1,5184,11.19,3149.0,11.2,2497.0
462,2021-02-19 12:19:09.255090-05:00,17.09,5780,17.1,4951,11.19,3149.0,11.2,2497.0
463,2021-02-19 12:19:09.255090-05:00,17.09,5780,17.1,4951,11.19,3148.0,11.2,2504.0
464,2021-02-19 12:19:19.278928-05:00,17.09,5948,17.1,4973,11.19,3148.0,11.2,2504.0
465,2021-02-19 12:19:29.050333-05:00,17.09,5807,17.1,4967,11.19,3147.0,11.2,2504.0
466,2021-02-19 12:19:37.069115-05:00,17.09,5807,17.1,4967,11.19,2805.0,11.2,2604.0
467,2021-02-19 12:19:39.073926-05:00,17.09,5621,17.1,5243,11.19,2805.0,11.2,2604.0
468,2021-02-19 12:19:47.091155-05:00,17.09,5621,17.1,5243,11.19,2510.0,11.2,2949.0
469,2021-02-19 12:19:49.095174-05:00,17.09,5085,17.1,5343,11.19,2510.0,11.2,2949.0
470,2021-02-19 12:19:59.116547-05:00,17.09,4549,17.1,5365,11.19,2504.0,11.2,3020.0
471,2021-02-19 12:20:09.138582-05:00,17.09,4558,17.1,5378,11.19,2503.0,11.2,2944.0
472,2021-02-19 12:20:09.138582-05:00,17.09,4558,17.1,5378,11.19,2783.0,11.2,2581.0
473,2021-02-19 12:20:19.161614-05:00,17.09,5174,17.1,5231,11.19,2783.0,11.2,2581.0
474,2021-02-19 12:20:29.184008-05:00,17.09,3265,17.1,5515,11.19,2382.0,11.2,3207.0
475,2021-02-19 12:20:29.184008-05:00,17.09,3265,17.1,5515,11.19,2416.0,11.2,3191.0
476,2021-02-19 12:20:39.201047-05:00,17.09,3299,17.1,5492,11.19,2416.0,11.2,3191.0
477,2021-02-19 12:20:49.219050-05:00,17.09,3438,17.1,5269,11.19,2693.0,11.2,2611.0
478,2021-02-19 12:20:59.234086-05:00,17.09,4317,17.1,5151,11.19,3193.0,11.2,2474.0
479,2021-02-19 12:21:09.252013-05:00,17.09,4780,17.1,5025,11.19,3267.0,11.2,2265.0
480,2021-02-19 12:21:18.016384-05:00,17.09,4780,17.1,5025,11.19,3177.0,11.2,2154.0
481,2021-02-19 12:21:19.268038-05:00,17.09,4786,17.1,4901,11.19,3177.0,11.2,2154.0
482,2021-02-19 12:21:28.032983-05:00,17.09,5261,17.1,4783,11.19,3177.0,11.2,2154.0
483,2021-02-19 12:21:28.032983-05:00,17.09,5261,17.1,4783,11.19,3249.0,11.2,1762.0
484,2021-02-19 12:21:33.041182-05:00,17.09,5261,17.1,4783,11.19,3289.0,11.2,1376.0
485,2021-02-19 12:21:39.050039-05:00,17.09,4878,17.1,4858,11.19,3289.0,11.2,1376.0
486,2021-02-19 12:21:49.073175-05:00,17.09,4227,17.1,5155,11.19,2825.0,11.2,1753.0
487,2021-02-19 12:21:59.097829-05:00,17.09,4543,17.1,5139,11.19,3143.0,11.2,1679.0
488,2021-02-19 12:22:09.119574-05:00,17.09,4144,17.1,5219,11.19,2835.0,11.2,1904.0
489,2021-02-19 12:22:09.119574-05:00,17.09,4144,17.1,5219,11.19,2409.0,11.2,2500.0
490,2021-02-19 12:22:19.141747-05:00,17.09,3288,17.1,5472,11.19,2409.0,11.2,2500.0
491,2021-02-19 12:22:29.164068-05:00,17.09,3429,17.1,5482,11.19,2372.0,11.2,2580.0
492,2021-02-19 12:22:39.185321-05:00,17.09,4310,17.1,5088,11.19,3117.0,11.2,1663.0
493,2021-02-19 12:22:41.188525-05:00,17.09,4302,17.1,5074,11.19,3117.0,11.2,1663.0
494,2021-02-19 12:22:41.188525-05:00,17.09,4302,17.1,5074,11.19,3121.0,11.2,1661.0
495,2021-02-19 12:22:41.188525-05:00,17.09,4302,17.1,5074,11.19,3884.0,11.2,345.0
496,2021-02-19 12:22:59.228456-05:00,17.09,5919,17.1,3985,11.19,3884.0,11.2,345.0
497,2021-02-19 12:23:09.248668-05:00,17.09,7163,17.1,2368,11.2,3714.0,11.21,1252.0
498,2021-02-19 12:23:18.019035-05:00,17.09,6975,17.1,2814,11.2,3714.0,11.21,1252.0
499,2021-02-19 12:23:18.019035-05:00,17.09,6975,17.1,2814,11.2,2929.0,11.21,1767.0
500,2021-02-19 12:23:29.043284-05:00,17.09,6925,17.1,2744,11.2,2930.0,11.21,1832.0
501,2021-02-19 12:23:38.066389-05:00,17.09,6489,17.1,2921,11.2,2930.0,11.21,1832.0
502,2021-02-19 12:23:38.066389-05:00,17.09,6489,17.1,2921,11.2,2828.0,11.21,2237.0
503,2021-02-19 12:23:49.223159-05:00,17.09,6604,17.1,2800,11.2,2930.0,11.21,1832.0
504,2021-02-19 12:23:59.262138-05:00,17.09,7292,17.1,2228,11.2,3773.0,11.21,1120.0
505,2021-02-19 12:23:59.262138-05:00,17.09,7292,17.1,2228,11.2,3910.0,11.21,1109.0
506,2021-02-19 12:24:09.279999-05:00,17.09,7083,17.1,2388,11.2,3910.0,11.21,1109.0
507,2021-02-19 12:24:19.050932-05:00,17.09,7416,17.1,1372,11.2,4030.0,11.21,643.0
508,2021-02-19 12:24:29.073418-05:00,17.1,7659,17.11,5019,11.21,2569.0,11.22,2613.0
509,2021-02-19 12:24:39.095185-05:00,17.1,3525,17.11,5583,11.2,4039.0,11.21,1501.0
510,2021-02-19 12:24:49.116814-05:00,17.1,3617,17.11,5566,11.2,3939.0,11.21,1411.0
511,2021-02-19 12:24:49.116814-05:00,17.1,3617,17.11,5566,11.2,3824.0,11.21,1504.0
512,2021-02-19 12:24:59.139012-05:00,17.1,3219,17.11,5678,11.2,3824.0,11.21,1504.0
513,2021-02-19 12:25:09.161477-05:00,17.1,1925,17.11,5789,11.2,2817.0,11.21,2259.0
514,2021-02-19 12:25:19.182880-05:00,17.1,2259,17.11,6241,11.2,2633.0,11.21,2247.0
515,2021-02-19 12:25:29.205772-05:00,17.1,2451,17.11,6216,11.2,2959.0,11.21,1773.0
516,2021-02-19 12:25:39.229594-05:00,17.1,2141,17.11,6216,11.2,2619.0,11.21,2326.0
517,2021-02-19 12:25:39.229594-05:00,17.1,2141,17.11,6216,11.2,2571.0,11.21,2323.0
518,2021-02-19 12:25:49.250065-05:00,17.1,1496,17.11,6349,11.2,2571.0,11.21,2323.0
519,2021-02-19 12:25:49.250065-05:00,17.1,1496,17.11,6349,11.2,2619.0,11.21,2292.0
520,2021-02-19 12:25:59.272652-05:00,17.1,2188,17.11,6215,11.2,2619.0,11.21,2292.0
521,2021-02-19 12:26:09.045588-05:00,17.1,2570,17.11,6208,11.2,2924.0,11.21,1755.0
522,2021-02-19 12:26:19.067558-05:00,17.1,2746,17.11,6226,11.2,3346.0,11.21,1544.0
523,2021-02-19 12:26:19.067558-05:00,17.1,2746,17.11,6226,11.2,3491.0,11.21,1217.0
524,2021-02-19 12:26:29.090533-05:00,17.1,3135,17.11,5526,11.2,3491.0,11.21,1217.0
525,2021-02-19 12:26:39.114308-05:00,17.1,3146,17.11,5291,11.2,3453.0,11.21,1213.0
526,2021-02-19 12:26:39.114308-05:00,17.1,3146,17.11,5291,11.2,3558.0,11.21,621.0
527,2021-02-19 12:26:49.120089-05:00,17.1,3612,17.11,5226,11.2,3558.0,11.21,621.0
528,2021-02-19 12:26:59.136840-05:00,17.1,2694,17.11,5407,11.2,3638.0,11.21,1225.0
529,2021-02-19 12:27:09.154280-05:00,17.1,3223,17.11,5458,11.2,3643.0,11.21,1017.0
530,2021-02-19 12:27:19.263290-05:00,17.1,3705,17.11,5029,11.2,3849.0,11.21,614.0
531,2021-02-19 12:27:29.283289-05:00,17.1,3651,17.11,5006,11.2,3845.0,11.21,629.0
532,2021-02-19 12:27:39.055628-05:00,17.1,3783,17.11,4001,11.2,3855.0,11.21,348.0
533,2021-02-19 12:27:49.074801-05:00,17.1,4258,17.11,4690,11.21,2827.0,11.22,2368.0
534,2021-02-19 12:27:57.093070-05:00,17.1,4258,17.11,4690,11.21,2961.0,11.22,2185.0
535,2021-02-19 12:27:59.097314-05:00,17.1,5453,17.11,3565,11.21,2961.0,11.22,2185.0
536,2021-02-19 12:27:59.097314-05:00,17.1,5453,17.11,3565,11.21,2574.0,11.22,2290.0
537,2021-02-19 12:28:09.118460-05:00,17.1,4219,17.11,4720,11.21,2574.0,11.22,2290.0
538,2021-02-19 12:28:19.137414-05:00,17.1,4220,17.11,4771,11.21,2488.0,11.22,2608.0
539,2021-02-19 12:28:19.137414-05:00,17.1,4220,17.11,4771,11.21,1099.0,11.22,2872.0
540,2021-02-19 12:28:29.156192-05:00,17.1,3633,17.11,5043,11.21,1099.0,11.22,2872.0
541,2021-02-19 12:28:39.177620-05:00,17.1,3167,17.11,5172,11.21,883.0,11.22,3353.0
542,2021-02-19 12:28:39.177620-05:00,17.1,3167,17.11,5172,11.2,2907.0,11.21,2544.0
543,2021-02-19 12:28:49.199554-05:00,17.1,2740,17.11,5360,11.2,2907.0,11.21,2544.0
544,2021-02-19 12:28:57.212962-05:00,17.1,2740,17.11,5360,11.2,2871.0,11.21,2553.0
545,2021-02-19 12:28:59.216604-05:00,17.1,2733,17.11,5392,11.2,2871.0,11.21,2553.0
546,2021-02-19 12:29:09.239203-05:00,17.1,2713,17.11,5194,11.2,3145.0,11.21,2402.0
547,2021-02-19 12:29:19.261077-05:00,17.1,2620,17.11,5460,11.2,2888.0,11.21,2553.0
548,2021-02-19 12:29:19.261077-05:00,17.1,2620,17.11,5460,11.2,2534.0,11.21,3106.0
549,2021-02-19 12:29:39.201512-05:00,17.1,2513,17.11,5432,11.2,2882.0,11.21,2533.0
550,2021-02-19 12:29:47.001930-05:00,17.1,2513,17.11,5432,11.2,2046.0,11.21,2667.0
551,2021-02-19 12:29:49.269699-05:00,17.1,1554,17.11,4387,11.2,2046.0,11.21,2667.0
552,2021-02-19 12:29:49.269699-05:00,17.1,1554,17.11,4387,11.2,2450.0,11.21,2574.0
553,2021-02-19 12:29:59.046547-05:00,17.1,2457,17.11,5149,11.2,2450.0,11.21,2574.0
554,2021-02-19 12:29:59.046547-05:00,17.1,2457,17.11,5149,11.2,2694.0,11.21,2276.0
555,2021-02-19 12:30:09.258265-05:00,17.1,2602,17.11,5132,11.2,2694.0,11.21,2276.0
556,2021-02-19 12:30:19.072885-05:00,17.1,1452,17.11,5294,11.2,2208.0,11.21,2917.0
557,2021-02-19 12:30:19.072885-05:00,17.1,1452,17.11,5294,11.2,2204.0,11.21,2954.0
558,2021-02-19 12:30:29.108355-05:00,17.1,1241,17.11,5282,11.2,2204.0,11.21,2954.0
559,2021-02-19 12:30:31.111569-05:00,17.1,1241,17.11,5282,11.2,957.0,11.21,3283.0
560,2021-02-19 12:30:39.248845-05:00,17.09,4205,17.1,7430,11.2,957.0,11.21,3283.0
561,2021-02-19 12:30:49.264954-05:00,17.09,3682,17.1,8033,11.2,763.0,11.21,3277.0
562,2021-02-19 12:30:49.264954-05:00,17.09,3682,17.1,8033,11.2,302.0,11.21,3281.0
563,2021-02-19 12:30:59.033884-05:00,17.09,3683,17.1,7822,11.2,302.0,11.21,3281.0
564,2021-02-19 12:31:09.052854-05:00,17.09,5805,17.1,5803,11.2,2117.0,11.21,2819.0
565,2021-02-19 12:31:17.069222-05:00,17.09,5550,17.1,5802,11.2,2117.0,11.21,2819.0
566,2021-02-19 12:31:17.069222-05:00,17.09,5550,17.1,5802,11.2,1892.0,11.21,2982.0
567,2021-02-19 12:31:27.090761-05:00,17.09,5567,17.1,5891,11.2,1892.0,11.21,2982.0
568,2021-02-19 12:31:27.090761-05:00,17.09,5567,17.1,5891,11.2,1875.0,11.21,2983.0
569,2021-02-19 12:31:31.099422-05:00,17.09,5567,17.1,5891,11.2,1950.0,11.21,2882.0
570,2021-02-19 12:31:39.117520-05:00,17.09,5511,17.1,5736,11.2,1950.0,11.21,2882.0
571,2021-02-19 12:31:39.117520-05:00,17.09,5511,17.1,5736,11.2,2434.0,11.21,2278.0
572,2021-02-19 12:31:49.137749-05:00,17.09,5896,17.1,4885,11.2,2434.0,11.21,2278.0
573,2021-02-19 12:31:49.137749-05:00,17.09,5896,17.1,4885,11.2,2377.0,11.21,2278.0
574,2021-02-19 12:31:58.156537-05:00,17.09,5737,17.1,5149,11.2,2377.0,11.21,2278.0
575,2021-02-19 12:32:09.178108-05:00,17.09,5903,17.1,4573,11.2,2804.0,11.21,2093.0
576,2021-02-19 12:32:17.194706-05:00,17.09,6263,17.1,2501,11.2,2804.0,11.21,2093.0
577,2021-02-19 12:32:17.194706-05:00,17.09,6263,17.1,2501,11.2,3324.0,11.21,1266.0
578,2021-02-19 12:32:29.221726-05:00,17.09,6321,17.1,2381,11.2,3324.0,11.21,1266.0
579,2021-02-19 12:32:29.221726-05:00,17.09,6321,17.1,2381,11.2,3240.0,11.21,726.0
580,2021-02-19 12:32:39.243355-05:00,17.09,6489,17.1,2380,11.2,3189.0,11.21,672.0
581,2021-02-19 12:32:39.243355-05:00,17.09,6489,17.1,2380,11.2,3206.0,11.21,727.0
582,2021-02-19 12:32:49.267007-05:00,17.09,6303,17.1,1912,11.2,3206.0,11.21,727.0
583,2021-02-19 12:32:59.039512-05:00,17.09,6535,17.1,877,11.21,2435.0,11.22,3088.0
584,2021-02-19 12:33:02.046823-05:00,17.09,6535,17.1,877,11.21,2398.0,11.22,2073.0
585,2021-02-19 12:33:09.063499-05:00,17.1,3538,17.11,3397,11.21,2398.0,11.22,2073.0
586,2021-02-19 12:33:19.086287-05:00,17.1,2780,17.11,5472,11.21,2398.0,11.22,2073.0
587,2021-02-19 12:33:19.086287-05:00,17.1,2780,17.11,5472,11.21,603.0,11.22,2877.0
588,2021-02-19 12:33:29.108344-05:00,17.1,3728,17.11,5232,11.21,1842.0,11.22,2571.0
589,2021-02-19 12:33:39.132002-05:00,17.1,4095,17.11,3069,11.21,1955.0,11.22,1677.0
590,2021-02-19 12:33:49.154261-05:00,17.1,6394,17.11,3054,11.21,3101.0,11.22,874.0
591,2021-02-19 12:33:59.176491-05:00,17.1,6070,17.11,3188,11.21,2816.0,11.22,1292.0
592,2021-02-19 12:34:09.199468-05:00,17.1,6025,17.11,3246,11.21,2816.0,11.22,1292.0
593,2021-02-19 12:34:09.199468-05:00,17.1,6025,17.11,3246,11.21,2669.0,11.22,1351.0
594,2021-02-19 12:34:19.223271-05:00,17.1,6804,17.11,2179,11.21,3483.0,11.22,617.0
595,2021-02-19 12:34:29.247762-05:00,17.1,6545,17.11,3103,11.21,3483.0,11.22,617.0
596,2021-02-19 12:34:29.247762-05:00,17.1,6545,17.11,3103,11.21,3214.0,11.22,1017.0
597,2021-02-19 12:34:39.268679-05:00,17.1,6850,17.11,974,11.22,3307.0,11.23,2125.0
598,2021-02-19 12:34:49.041149-05:00,17.1,6848,17.11,1854,11.22,3062.0,11.23,2135.0
599,2021-02-19 12:34:59.067798-05:00,17.11,5696,17.12,5099,11.22,3608.0,11.23,1430.0
600,2021-02-19 12:35:09.095374-05:00,17.11,5929,17.12,4725,11.22,4268.0,11.23,1202.0
601,2021-02-19 12:35:19.115077-05:00,17.11,5098,17.12,5652,11.22,3066.0,11.23,2133.0
602,2021-02-19 12:35:29.137853-05:00,17.11,5214,17.12,5313,11.22,3224.0,11.23,2041.0
603,2021-02-19 12:35:39.160019-05:00,17.11,5277,17.12,5410,11.22,3123.0,11.23,2063.0
604,2021-02-19 12:35:49.183385-05:00,17.11,4847,17.12,5461,11.22,3117.0,11.23,2096.0
605,2021-02-19 12:35:59.204649-05:00,17.11,4858,17.12,5593,11.22,3117.0,11.23,2096.0
606,2021-02-19 12:35:59.204649-05:00,17.11,4858,17.12,5593,11.22,3045.0,11.23,2079.0
607,2021-02-19 12:36:09.226731-05:00,17.11,5106,17.12,5291,11.22,3045.0,11.23,2079.0
608,2021-02-19 12:36:09.226731-05:00,17.11,5106,17.12,5291,11.22,3154.0,11.23,1830.0
609,2021-02-19 12:36:19.247844-05:00,17.11,5106,17.12,5410,11.22,3154.0,11.23,1830.0
610,2021-02-19 12:36:19.247844-05:00,17.11,5106,17.12,5410,11.22,3171.0,11.23,1972.0
611,2021-02-19 12:36:28.021972-05:00,17.11,4580,17.12,5509,11.22,3171.0,11.23,1972.0
612,2021-02-19 12:36:28.021972-05:00,17.11,4580,17.12,5509,11.22,2977.0,11.23,2069.0
613,2021-02-19 12:36:38.040656-05:00,17.11,4893,17.12,5403,11.22,2977.0,11.23,2069.0
614,2021-02-19 12:36:38.040656-05:00,17.11,4893,17.12,5403,11.22,3201.0,11.23,2010.0
615,2021-02-19 12:36:49.065857-05:00,17.11,4897,17.12,5377,11.22,3201.0,11.23,2010.0
616,2021-02-19 12:36:49.065857-05:00,17.11,4897,17.12,5377,11.22,3188.0,11.23,2011.0
617,2021-02-19 12:36:59.086570-05:00,17.11,4924,17.12,5136,11.22,3455.0,11.23,1678.0
618,2021-02-19 12:37:09.109160-05:00,17.11,6050,17.12,3580,11.22,4071.0,11.23,1113.0
619,2021-02-19 12:37:18.128072-05:00,17.11,6732,17.12,3550,11.22,4071.0,11.23,1113.0
620,2021-02-19 12:37:18.128072-05:00,17.11,6732,17.12,3550,11.22,4114.0,11.23,1108.0
621,2021-02-19 12:37:29.155484-05:00,17.11,5179,17.12,5090,11.22,4114.0,11.23,1108.0
622,2021-02-19 12:37:29.155484-05:00,17.11,5179,17.12,5090,11.22,4042.0,11.23,1236.0
623,2021-02-19 12:37:37.172676-05:00,17.11,4887,17.12,5375,11.22,4042.0,11.23,1236.0
624,2021-02-19 12:37:37.172676-05:00,17.11,4887,17.12,5375,11.22,3210.0,11.23,1997.0
625,2021-02-19 12:37:37.172676-05:00,17.11,4887,17.12,5375,11.22,3680.0,11.23,1395.0
626,2021-02-19 12:37:49.200715-05:00,17.11,5185,17.12,5073,11.22,3680.0,11.23,1395.0
627,2021-02-19 12:37:49.200715-05:00,17.11,5185,17.12,5073,11.22,3658.0,11.23,1445.0
628,2021-02-19 12:37:59.221197-05:00,17.11,4943,17.12,5048,11.22,3658.0,11.23,1445.0
629,2021-02-19 12:38:09.244462-05:00,17.11,6440,17.12,3859,11.22,3916.0,11.23,1204.0
630,2021-02-19 12:38:09.244462-05:00,17.11,6440,17.12,3859,11.22,3986.0,11.23,1044.0
631,2021-02-19 12:38:19.267453-05:00,17.11,6825,17.12,3449,11.22,3986.0,11.23,1044.0
632,2021-02-19 12:38:29.039965-05:00,17.11,6821,17.12,3528,11.22,4306.0,11.23,1002.0
633,2021-02-19 12:38:39.064396-05:00,17.12,4911,17.13,5955,11.23,3608.0,11.24,1250.0
634,2021-02-19 12:38:49.086174-05:00,17.12,4021,17.13,5816,11.23,2967.0,11.24,1938.0
635,2021-02-19 12:38:59.106042-05:00,17.13,4244,17.14,5885,11.23,2967.0,11.24,1938.0
636,2021-02-19 12:38:59.106042-05:00,17.13,4244,17.14,5885,11.24,5297.0,11.25,616.0
637,2021-02-19 12:39:09.124322-05:00,17.13,2450,17.14,5752,11.24,4783.0,11.25,1358.0
638,2021-02-19 12:39:19.144752-05:00,17.12,4436,17.13,6237,11.24,4783.0,11.25,1358.0
639,2021-02-19 12:39:19.144752-05:00,17.12,4436,17.13,6237,11.24,1013.0,11.25,2749.0
640,2021-02-19 12:39:29.166758-05:00,17.12,4525,17.13,6326,11.23,4180.0,11.24,1412.0
641,2021-02-19 12:39:39.187391-05:00,17.12,5992,17.13,4857,11.23,4641.0,11.24,560.0
642,2021-02-19 12:39:49.208277-05:00,17.12,6159,17.13,4775,11.24,3367.0,11.25,2203.0
643,2021-02-19 12:39:59.229701-05:00,17.12,5944,17.13,4886,11.24,2994.0,11.25,2338.0
644,2021-02-19 12:40:09.127826-05:00,17.12,6077,17.13,4869,11.24,3182.0,11.25,2269.0
645,2021-02-19 12:40:19.156842-05:00,17.12,4332,17.13,6498,11.24,3182.0,11.25,2269.0
646,2021-02-19 12:40:19.156842-05:00,17.12,4332,17.13,6498,11.24,1208.0,11.25,2679.0
647,2021-02-19 12:40:29.056630-05:00,17.12,4342,17.13,6556,11.24,462.0,11.25,2713.0
648,2021-02-19 12:40:39.080871-05:00,17.12,4294,17.13,6521,11.23,3973.0,11.24,1348.0
649,2021-02-19 12:40:49.105535-05:00,17.12,3849,17.13,7158,11.23,3973.0,11.24,1348.0
650,2021-02-19 12:40:49.105535-05:00,17.12,3849,17.13,7158,11.23,3141.0,11.24,1670.0
651,2021-02-19 12:40:59.130699-05:00,17.12,3935,17.13,6790,11.23,3141.0,11.24,1670.0
652,2021-02-19 12:40:59.130699-05:00,17.12,3935,17.13,6790,11.23,3510.0,11.24,1467.0
653,2021-02-19 12:41:09.153668-05:00,17.12,3598,17.13,6885,11.23,3384.0,11.24,1686.0
654,2021-02-19 12:41:19.178396-05:00,17.12,2691,17.13,7301,11.23,2935.0,11.24,2258.0
655,2021-02-19 12:41:29.203723-05:00,17.12,3101,17.13,7154,11.23,3409.0,11.24,1713.0
656,2021-02-19 12:41:39.227401-05:00,17.12,3339,17.13,6700,11.23,3851.0,11.24,1397.0
657,2021-02-19 12:41:49.277241-05:00,17.12,3176,17.13,7062,11.23,3851.0,11.24,1397.0
658,2021-02-19 12:41:49.277241-05:00,17.12,3176,17.13,7062,11.23,3431.0,11.24,1555.0
659,2021-02-19 12:41:59.270862-05:00,17.12,2853,17.13,6881,11.23,3115.0,11.24,1974.0
660,2021-02-19 12:42:09.035005-05:00,17.12,2281,17.13,7068,11.23,2923.0,11.24,2342.0
661,2021-02-19 12:42:09.035005-05:00,17.12,2281,17.13,7068,11.23,2935.0,11.24,2325.0
662,2021-02-19 12:42:19.052723-05:00,17.12,2374,17.13,6927,11.23,2935.0,11.24,2325.0
663,2021-02-19 12:42:29.074761-05:00,17.12,3011,17.13,7011,11.23,3424.0,11.24,1720.0
664,2021-02-19 12:42:39.095864-05:00,17.12,2866,17.13,7011,11.23,3424.0,11.24,1720.0
665,2021-02-19 12:42:39.095864-05:00,17.12,2866,17.13,7011,11.23,3289.0,11.24,1742.0
666,2021-02-19 12:42:49.115730-05:00,17.12,1606,17.13,7205,11.23,2580.0,11.24,2511.0
667,2021-02-19 12:42:59.137620-05:00,17.11,6248,17.12,4837,11.22,4167.0,11.23,2385.0
668,2021-02-19 12:43:09.160297-05:00,17.11,7012,17.12,1706,11.22,4167.0,11.23,2385.0
669,2021-02-19 12:43:09.160297-05:00,17.11,7012,17.12,1706,11.23,3179.0,11.24,1606.0
670,2021-02-19 12:43:19.183438-05:00,17.12,4443,17.13,6412,11.23,3283.0,11.24,1301.0
671,2021-02-19 12:43:29.208282-05:00,17.12,4443,17.13,6373,11.23,3649.0,11.24,964.0
672,2021-02-19 12:43:39.234191-05:00,17.12,4210,17.13,6999,11.23,3224.0,11.24,1474.0
673,2021-02-19 12:43:49.257031-05:00,17.12,4348,17.13,6448,11.23,3731.0,11.24,1281.0
674,2021-02-19 12:43:59.280558-05:00,17.12,4575,17.13,6337,11.24,956.0,11.25,2904.0
675,2021-02-19 12:43:59.280558-05:00,17.12,4575,17.13,6337,11.23,3115.0,11.24,1930.0
676,2021-02-19 12:44:09.054284-05:00,17.12,3963,17.13,6775,11.23,3115.0,11.24,1930.0
677,2021-02-19 12:44:19.078117-05:00,17.12,3694,17.13,6807,11.23,3028.0,11.24,2081.0
678,2021-02-19 12:44:29.102917-05:00,17.12,3307,17.13,6623,11.23,3421.0,11.24,1856.0
679,2021-02-19 12:44:29.102917-05:00,17.12,3307,17.13,6623,11.23,3961.0,11.24,672.0
680,2021-02-19 12:44:39.124010-05:00,17.12,3784,17.13,6393,11.23,3961.0,11.24,672.0
681,2021-02-19 12:44:49.147888-05:00,17.12,4603,17.13,5846,11.23,3961.0,11.24,735.0
682,2021-02-19 12:44:49.147888-05:00,17.12,4603,17.13,5846,11.23,4195.0,11.24,300.0
683,2021-02-19 12:44:59.171403-05:00,17.12,5205,17.13,4829,11.23,4195.0,11.24,300.0
684,2021-02-19 12:44:59.171403-05:00,17.12,5205,17.13,4829,11.24,2360.0,11.25,2284.0
685,2021-02-19 12:45:09.195274-05:00,17.12,5238,17.13,4640,11.24,2360.0,11.25,2284.0
686,2021-02-19 12:45:19.220043-05:00,17.12,5204,17.13,4705,11.24,2100.0,11.25,2573.0
687,2021-02-19 12:45:29.244026-05:00,17.12,4617,17.13,5303,11.24,1368.0,11.25,2778.0
688,2021-02-19 12:45:39.267868-05:00,17.12,3343,17.13,6400,11.24,671.0,11.25,3019.0
689,2021-02-19 12:45:49.039987-05:00,17.12,3329,17.13,6391,11.24,630.0,11.25,3074.0
690,2021-02-19 12:45:53.048850-05:00,17.12,3329,17.13,6391,11.24,1516.0,11.25,2777.0
691,2021-02-19 12:45:59.163682-05:00,17.12,4887,17.13,4944,11.24,1516.0,11.25,2777.0
692,2021-02-19 12:46:09.182599-05:00,17.12,5171,17.13,4917,11.24,1553.0,11.25,2714.0
693,2021-02-19 12:46:19.198860-05:00,17.12,3348,17.13,6545,11.24,360.0,11.25,2902.0
694,2021-02-19 12:46:29.216877-05:00,17.12,2863,17.13,7046,11.23,3047.0,11.24,2921.0
695,2021-02-19 12:46:29.216877-05:00,17.12,2863,17.13,7046,11.23,3370.0,11.24,2673.0
696,2021-02-19 12:46:39.047643-05:00,17.12,3271,17.13,6615,11.23,3370.0,11.24,2673.0
697,2021-02-19 12:46:49.065848-05:00,17.12,2846,17.13,6953,11.23,2973.0,11.24,2917.0
698,2021-02-19 12:46:59.083202-05:00,17.12,2498,17.13,6903,11.23,2617.0,11.24,3172.0
699,2021-02-19 12:47:09.099766-05:00,17.12,3235,17.13,6795,11.23,3198.0,11.24,2650.0
700,2021-02-19 12:47:18.115050-05:00,17.12,3244,17.13,6703,11.23,3198.0,11.24,2650.0
701,2021-02-19 12:47:18.115050-05:00,17.12,3244,17.13,6703,11.23,3111.0,11.24,2667.0
702,2021-02-19 12:47:29.133781-05:00,17.12,4590,17.13,5904,11.23,3652.0,11.24,1189.0
703,2021-02-19 12:47:38.147735-05:00,17.12,3077,17.13,6643,11.23,3652.0,11.24,1189.0
704,2021-02-19 12:47:38.147735-05:00,17.12,3077,17.13,6643,11.23,2987.0,11.24,2128.0
705,2021-02-19 12:47:49.168353-05:00,17.12,3110,17.13,6628,11.23,3255.0,11.24,2026.0
706,2021-02-19 12:47:59.065068-05:00,17.12,3002,17.13,6704,11.23,2914.0,11.24,2125.0
707,2021-02-19 12:48:09.093078-05:00,17.12,3045,17.13,7206,11.23,2899.0,11.24,2215.0
708,2021-02-19 12:48:09.093078-05:00,17.12,3045,17.13,7206,11.23,3023.0,11.24,2142.0
709,2021-02-19 12:48:19.268362-05:00,17.12,3074,17.13,6960,11.23,3023.0,11.24,2142.0
710,2021-02-19 12:48:23.023864-05:00,17.12,3074,17.13,6960,11.23,3353.0,11.24,1939.0
711,2021-02-19 12:48:29.034977-05:00,17.12,3101,17.13,6430,11.23,3353.0,11.24,1939.0
712,2021-02-19 12:48:39.053081-05:00,17.12,4941,17.13,4905,11.23,3667.0,11.24,714.0
713,2021-02-19 12:48:48.068970-05:00,17.12,5031,17.13,4696,11.23,3667.0,11.24,714.0
714,2021-02-19 12:48:48.068970-05:00,17.12,5031,17.13,4696,11.24,2613.0,11.25,2904.0
715,2021-02-19 12:48:53.076578-05:00,17.12,5031,17.13,4696,11.24,2639.0,11.25,2799.0
716,2021-02-19 12:48:59.202842-05:00,17.12,5049,17.13,4696,11.24,2639.0,11.25,2799.0
717,2021-02-19 12:49:09.221020-05:00,17.12,5784,17.13,2224,11.24,3558.0,11.25,1399.0
718,2021-02-19 12:49:11.223194-05:00,17.12,5784,17.13,2224,11.25,2901.0,11.26,2095.0
719,2021-02-19 12:49:19.237493-05:00,17.13,6409,17.14,4194,11.25,2901.0,11.26,2095.0
720,2021-02-19 12:49:29.254682-05:00,17.13,5068,17.14,5588,11.25,2136.0,11.26,2647.0
721,2021-02-19 12:49:39.272906-05:00,17.13,5043,17.14,5752,11.25,2121.0,11.26,2554.0
722,2021-02-19 12:49:39.272906-05:00,17.13,5043,17.14,5752,11.25,2211.0,11.26,2267.0
723,2021-02-19 12:49:49.075999-05:00,17.13,5232,17.14,5316,11.25,2211.0,11.26,2267.0
724,2021-02-19 12:49:57.091238-05:00,17.13,5232,17.14,5316,11.25,2890.0,11.26,1464.0
725,2021-02-19 12:49:59.093383-05:00,17.13,6878,17.14,3242,11.25,2890.0,11.26,1464.0
726,2021-02-19 12:50:09.110713-05:00,17.13,6799,17.14,3445,11.25,2885.0,11.26,1358.0
727,2021-02-19 12:50:19.127454-05:00,17.13,5243,17.14,5244,11.25,2260.0,11.26,2279.0
728,2021-02-19 12:50:29.147136-05:00,17.13,6245,17.14,4153,11.25,2350.0,11.26,2176.0
729,2021-02-19 12:50:39.162176-05:00,17.13,6306,17.14,4143,11.25,2365.0,11.26,2175.0
730,2021-02-19 12:50:46.174101-05:00,17.13,6306,17.14,4143,11.25,2350.0,11.26,2138.0
731,2021-02-19 12:50:49.179103-05:00,17.13,6339,17.14,4324,11.25,2350.0,11.26,2138.0
732,2021-02-19 12:50:57.193364-05:00,17.13,6339,17.14,4324,11.25,2260.0,11.26,2315.0
733,2021-02-19 12:50:59.197029-05:00,17.13,5203,17.14,5352,11.25,2260.0,11.26,2315.0
734,2021-02-19 12:51:09.217733-05:00,17.13,4812,17.14,5469,11.25,1816.0,11.26,2564.0
735,2021-02-19 12:51:09.217733-05:00,17.13,4812,17.14,5469,11.25,1549.0,11.26,2603.0
736,2021-02-19 12:51:19.240655-05:00,17.13,4621,17.14,5581,11.25,1549.0,11.26,2603.0
737,2021-02-19 12:51:29.263228-05:00,17.13,5801,17.14,4872,11.25,2154.0,11.26,2255.0
738,2021-02-19 12:51:32.023913-05:00,17.13,5801,17.14,4872,11.25,2152.0,11.26,2348.0
739,2021-02-19 12:51:39.034259-05:00,17.13,4995,17.14,5118,11.25,2152.0,11.26,2348.0
740,2021-02-19 12:51:48.053185-05:00,17.13,4983,17.14,5356,11.25,2152.0,11.26,2348.0
741,2021-02-19 12:51:49.055460-05:00,17.13,4983,17.14,5356,11.25,2116.0,11.26,2437.0
742,2021-02-19 12:51:59.078444-05:00,17.13,4628,17.14,5779,11.25,1411.0,11.26,2666.0
743,2021-02-19 12:51:59.078444-05:00,17.13,4628,17.14,5779,11.25,2138.0,11.26,2360.0
744,2021-02-19 12:52:09.133447-05:00,17.13,4958,17.14,5301,11.25,2138.0,11.26,2360.0
745,2021-02-19 12:52:19.151459-05:00,17.13,5527,17.14,4425,11.25,2138.0,11.26,2284.0
746,2021-02-19 12:52:28.169872-05:00,17.13,4954,17.14,4623,11.25,2138.0,11.26,2284.0
747,2021-02-19 12:52:28.169872-05:00,17.13,4954,17.14,4623,11.25,2146.0,11.26,2349.0
748,2021-02-19 12:52:39.194578-05:00,17.13,6365,17.14,3764,11.25,2824.0,11.26,1921.0
749,2021-02-19 12:52:49.218685-05:00,17.13,5243,17.14,3961,11.25,2273.0,11.26,2191.0
750,2021-02-19 12:52:59.240493-05:00,17.13,4498,17.14,2945,11.25,1980.0,11.26,2060.0
751,2021-02-19 12:53:09.264391-05:00,17.13,6023,17.14,4188,11.25,2270.0,11.26,2302.0
752,2021-02-19 12:53:15.028571-05:00,17.13,6023,17.14,4188,11.25,2280.0,11.26,1610.0
753,2021-02-19 12:53:19.037736-05:00,17.13,5303,17.14,2405,11.25,2280.0,11.26,1610.0
754,2021-02-19 12:53:29.059775-05:00,17.13,6723,17.14,2268,11.25,3076.0,11.26,1208.0
755,2021-02-19 12:53:39.081692-05:00,17.13,5612,17.14,2413,11.25,2650.0,11.26,1372.0
756,2021-02-19 12:53:49.104590-05:00,17.13,6396,17.14,3474,11.25,2713.0,11.26,1885.0
757,2021-02-19 12:53:59.126627-05:00,17.13,5993,17.14,4252,11.25,2203.0,11.26,2307.0
758,2021-02-19 12:54:03.135565-05:00,17.13,5993,17.14,4252,11.25,2916.0,11.26,1848.0
759,2021-02-19 12:54:09.148415-05:00,17.13,6541,17.14,3562,11.25,2916.0,11.26,1848.0
760,2021-02-19 12:54:19.170795-05:00,17.13,8077,17.14,2095,11.26,3152.0,11.27,2909.0
761,2021-02-19 12:54:26.187038-05:00,17.13,8077,17.14,2095,11.25,2256.0,11.26,4153.0
762,2021-02-19 12:54:29.193874-05:00,17.13,5055,17.14,5396,11.25,2256.0,11.26,4153.0
763,2021-02-19 12:54:39.216978-05:00,17.13,4627,17.14,5612,11.25,1729.0,11.26,4331.0
764,2021-02-19 12:54:49.242414-05:00,17.13,6477,17.14,4563,11.25,2385.0,11.26,3565.0
765,2021-02-19 12:54:59.264032-05:00,17.13,6131,17.14,4899,11.25,2190.0,11.26,3763.0
766,2021-02-19 12:55:09.037027-05:00,17.13,6544,17.14,3760,11.25,2849.0,11.26,2643.0
767,2021-02-19 12:55:16.054469-05:00,17.13,6544,17.14,3760,11.25,3513.0,11.26,1302.0
768,2021-02-19 12:55:19.060599-05:00,17.13,7358,17.14,1492,11.25,3513.0,11.26,1302.0
769,2021-02-19 12:55:29.083211-05:00,17.13,7635,17.14,1054,11.26,2911.0,11.27,2445.0
770,2021-02-19 12:55:39.105938-05:00,17.13,7697,17.14,287,11.26,2995.0,11.27,2227.0
771,2021-02-19 12:55:49.129810-05:00,17.13,7711,17.14,664,11.26,2751.0,11.27,2369.0
772,2021-02-19 12:55:59.150757-05:00,17.14,4647,17.15,5682,11.26,3635.0,11.27,1696.0
773,2021-02-19 12:56:09.171683-05:00,17.14,6116,17.15,4563,11.26,3810.0,11.27,1024.0
774,2021-02-19 12:56:18.190901-05:00,17.14,6116,17.15,4563,11.25,3642.0,11.26,1917.0
775,2021-02-19 12:56:19.194438-05:00,17.13,6777,17.14,5224,11.25,3642.0,11.26,1917.0
776,2021-02-19 12:56:29.215934-05:00,17.13,6425,17.14,4195,11.25,3482.0,11.26,1368.0
777,2021-02-19 12:56:39.239715-05:00,17.13,5688,17.14,811,11.26,2206.0,11.27,2446.0
778,2021-02-19 12:56:49.262301-05:00,17.13,6711,17.14,1727,11.26,2071.0,11.27,2497.0
779,2021-02-19 12:56:56.026331-05:00,17.13,6711,17.14,1727,11.26,3147.0,11.27,1269.0
780,2021-02-19 12:56:59.032506-05:00,17.14,6939,17.15,3865,11.26,3147.0,11.27,1269.0
781,2021-02-19 12:57:09.055408-05:00,17.14,7791,17.15,3172,11.26,5178.0,11.27,214.0
782,2021-02-19 12:57:19.077780-05:00,17.14,7506,17.15,3204,11.26,4423.0,11.27,234.0
783,2021-02-19 12:57:29.102555-05:00,17.14,7061,17.15,3315,11.26,4028.0,11.27,1124.0
784,2021-02-19 12:57:38.122262-05:00,17.14,7061,17.15,3315,11.26,4284.0,11.27,333.0
785,2021-02-19 12:57:39.226631-05:00,17.14,7598,17.15,3145,11.26,4284.0,11.27,333.0
786,2021-02-19 12:57:49.054460-05:00,17.14,7632,17.15,3102,11.26,4346.0,11.27,380.0
787,2021-02-19 12:57:59.057004-05:00,17.14,7086,17.15,3353,11.26,4023.0,11.27,1128.0
788,2021-02-19 12:58:09.248634-05:00,17.14,5225,17.15,4715,11.26,2914.0,11.27,1836.0
789,2021-02-19 12:58:09.248634-05:00,17.14,5225,17.15,4715,11.26,2414.0,11.27,2022.0
790,2021-02-19 12:58:19.267032-05:00,17.14,4959,17.15,5290,11.26,2414.0,11.27,2022.0
791,2021-02-19 12:58:29.038555-05:00,17.14,4082,17.15,5545,11.26,2054.0,11.27,2340.0
792,2021-02-19 12:58:39.062925-05:00,17.14,1496,17.15,5810,11.26,809.0,11.27,2667.0
793,2021-02-19 12:58:49.082410-05:00,17.14,1800,17.15,5972,11.26,799.0,11.27,2778.0
794,2021-02-19 12:58:59.103733-05:00,17.13,6491,17.14,4055,11.25,3232.0,11.26,2100.0
795,2021-02-19 12:59:09.123810-05:00,17.13,6111,17.14,4254,11.25,2508.0,11.26,2546.0
796,2021-02-19 12:59:19.146309-05:00,17.13,4775,17.14,5671,11.25,2363.0,11.26,2962.0
797,2021-02-19 12:59:29.168066-05:00,17.13,4480,17.14,5794,11.25,1811.0,11.26,3236.0
798,2021-02-19 12:59:39.192251-05:00,17.13,4455,17.14,6053,11.25,1308.0,11.26,3277.0
799,2021-02-19 12:59:49.215700-05:00,17.13,4693,17.14,5786,11.25,1765.0,11.26,3254.0
800,2021-02-19 12:59:49.215700-05:00,17.13,4693,17.14,5786,11.25,1472.0,11.26,3128.0
801,2021-02-19 12:59:59.237126-05:00,17.13,4449,17.14,5920,11.25,1472.0,11.26,3128.0
802,2021-02-19 13:00:02.995323-05:00,17.13,4449,17.14,5920,11.25,3170.0,11.26,1117.0
803,2021-02-19 13:00:09.258793-05:00,17.13,6503,17.14,3278,11.25,3170.0,11.26,1117.0
804,2021-02-19 13:00:19.029107-05:00,17.13,6854,17.14,2096,11.25,3459.0,11.26,294.0
805,2021-02-19 13:00:19.029107-05:00,17.13,6854,17.14,2096,11.25,3583.0,11.26,180.0
806,2021-02-19 13:00:29.049690-05:00,17.13,6843,17.14,1476,11.25,3583.0,11.26,180.0
807,2021-02-19 13:00:33.141579-05:00,17.13,6843,17.14,1476,11.25,3121.0,11.26,1160.0
808,2021-02-19 13:00:39.143644-05:00,17.13,6257,17.14,3119,11.25,3121.0,11.26,1160.0
809,2021-02-19 13:00:49.209751-05:00,17.13,6191,17.14,3129,11.25,3042.0,11.26,1456.0
810,2021-02-19 13:00:49.209751-05:00,17.13,6191,17.14,3129,11.25,2388.0,11.26,1997.0
811,2021-02-19 13:00:59.223477-05:00,17.13,5835,17.14,4049,11.25,2388.0,11.26,1997.0
812,2021-02-19 13:01:08.006064-05:00,17.13,5835,17.14,4049,11.25,1365.0,11.26,2821.0
813,2021-02-19 13:01:09.258714-05:00,17.13,4450,17.14,5557,11.25,1365.0,11.26,2821.0
814,2021-02-19 13:01:19.019610-05:00,17.13,4146,17.14,5500,11.25,973.0,11.26,2880.0
815,2021-02-19 13:01:29.168056-05:00,17.13,2987,17.14,5610,11.24,3448.0,11.25,1753.0
816,2021-02-19 13:01:39.177247-05:00,17.13,798,17.14,6327,11.24,2469.0,11.25,2783.0
817,2021-02-19 13:01:49.261233-05:00,17.12,6424,17.13,4126,11.24,2621.0,11.25,2482.0
818,2021-02-19 13:01:59.251583-05:00,17.12,6301,17.13,4152,11.24,2941.0,11.25,2263.0
819,2021-02-19 13:02:09.080907-05:00,17.12,6327,17.13,2818,11.24,2993.0,11.25,2187.0
820,2021-02-19 13:02:09.080907-05:00,17.12,6327,17.13,2818,11.24,2516.0,11.25,2709.0
821,2021-02-19 13:02:19.264754-05:00,17.12,6054,17.13,3290,11.24,2516.0,11.25,2709.0
822,2021-02-19 13:02:29.154727-05:00,17.12,6142,17.13,3498,11.24,2981.0,11.25,2207.0
823,2021-02-19 13:02:38.167438-05:00,17.12,6335,17.13,2784,11.24,2981.0,11.25,2207.0
824,2021-02-19 13:02:38.167438-05:00,17.12,6335,17.13,2784,11.24,3140.0,11.25,2115.0
825,2021-02-19 13:02:38.167438-05:00,17.12,6335,17.13,2784,11.24,3007.0,11.25,2134.0
826,2021-02-19 13:02:49.050238-05:00,17.12,6320,17.13,2818,11.24,3007.0,11.25,2134.0
827,2021-02-19 13:02:55.237967-05:00,17.12,6320,17.13,2818,11.24,3812.0,11.25,672.0
828,2021-02-19 13:02:59.246756-05:00,17.13,4908,17.14,6116,11.24,3812.0,11.25,672.0
829,2021-02-19 13:03:09.263068-05:00,17.13,6690,17.14,4020,11.25,3420.0,11.26,2055.0
830,2021-02-19 13:03:09.263068-05:00,17.13,6690,17.14,4020,11.25,3122.0,11.26,2023.0
831,2021-02-19 13:03:19.028868-05:00,17.13,6694,17.14,3984,11.25,3122.0,11.26,2023.0
832,2021-02-19 13:03:23.037850-05:00,17.13,6694,17.14,3984,11.25,3738.0,11.26,1423.0
833,2021-02-19 13:03:29.050535-05:00,17.13,6752,17.14,3751,11.25,3738.0,11.26,1423.0
834,2021-02-19 13:03:39.235392-05:00,17.13,6350,17.14,4413,11.25,3073.0,11.26,2025.0
835,2021-02-19 13:03:39.235392-05:00,17.13,6350,17.14,4413,11.25,3138.0,11.26,2020.0
836,2021-02-19 13:03:49.089078-05:00,17.13,6663,17.14,3994,11.25,3138.0,11.26,2020.0
837,2021-02-19 13:03:53.151209-05:00,17.13,6663,17.14,3994,11.25,3715.0,11.26,1609.0
838,2021-02-19 13:03:59.182579-05:00,17.13,6767,17.14,3761,11.25,3715.0,11.26,1609.0
839,2021-02-19 13:04:09.071033-05:00,17.13,7197,17.14,3261,11.25,4041.0,11.26,1083.0
840,2021-02-19 13:04:19.089416-05:00,17.13,6867,17.14,3294,11.25,3807.0,11.26,1126.0
841,2021-02-19 13:04:19.089416-05:00,17.13,6867,17.14,3294,11.25,3985.0,11.26,1242.0
842,2021-02-19 13:04:29.116744-05:00,17.13,6827,17.14,3294,11.25,3985.0,11.26,1242.0
843,2021-02-19 13:04:39.166131-05:00,17.13,7539,17.14,1952,11.25,4419.0,11.26,343.0
844,2021-02-19 13:04:39.166131-05:00,17.13,7539,17.14,1952,11.25,4360.0,11.26,551.0
845,2021-02-19 13:04:49.186813-05:00,17.13,7346,17.14,2384,11.25,4360.0,11.26,551.0
846,2021-02-19 13:04:59.208257-05:00,17.13,7407,17.14,1236,11.25,4910.0,11.26,413.0
847,2021-02-19 13:05:09.229252-05:00,17.14,4582,17.15,5465,11.26,2923.0,11.27,2170.0
848,2021-02-19 13:05:19.250992-05:00,17.14,4489,17.15,5635,11.26,2888.0,11.27,2122.0
849,2021-02-19 13:05:29.021606-05:00,17.14,2788,17.15,5843,11.26,1180.0,11.27,2808.0
850,2021-02-19 13:05:39.043729-05:00,17.14,2243,17.15,5987,11.26,959.0,11.27,2976.0
851,2021-02-19 13:05:39.043729-05:00,17.14,2243,17.15,5987,11.26,1120.0,11.27,2958.0
852,2021-02-19 13:05:49.065207-05:00,17.14,2786,17.15,5806,11.26,1120.0,11.27,2958.0
853,2021-02-19 13:05:59.086775-05:00,17.14,2887,17.15,5806,11.26,1131.0,11.27,2923.0
854,2021-02-19 13:06:09.106392-05:00,17.14,3000,17.15,5704,11.26,1579.0,11.27,2656.0
855,2021-02-19 13:06:19.123825-05:00,17.14,3562,17.15,5538,11.26,2092.0,11.27,2255.0
856,2021-02-19 13:06:29.140083-05:00,17.14,5455,17.15,3638,11.26,3102.0,11.27,1332.0
857,2021-02-19 13:06:39.155696-05:00,17.14,4889,17.15,4703,11.26,3008.0,11.27,1269.0
858,2021-02-19 13:06:44.164156-05:00,17.14,4889,17.15,4703,11.26,3026.0,11.27,1200.0
859,2021-02-19 13:06:49.174163-05:00,17.14,5453,17.15,3446,11.26,3026.0,11.27,1200.0
860,2021-02-19 13:06:59.193226-05:00,17.14,5935,17.15,3321,11.26,3260.0,11.27,330.0
861,2021-02-19 13:07:04.200936-05:00,17.14,5935,17.15,3321,11.27,2651.0,11.28,2325.0
862,2021-02-19 13:07:09.208722-05:00,17.15,2528,17.16,6565,11.27,2651.0,11.28,2325.0
863,2021-02-19 13:07:19.229758-05:00,17.14,5821,17.15,5212,11.27,564.0,11.28,2687.0
864,2021-02-19 13:07:19.229758-05:00,17.14,5821,17.15,5212,11.27,2586.0,11.28,1676.0
865,2021-02-19 13:07:29.251086-05:00,17.14,6604,17.15,1442,11.27,2586.0,11.28,1676.0
866,2021-02-19 13:07:39.272499-05:00,17.15,7479,17.16,3751,11.27,3547.0,11.28,244.0
867,2021-02-19 13:07:49.044585-05:00,17.15,8102,17.16,3219,11.28,3287.0,11.29,1974.0
868,2021-02-19 13:07:59.065633-05:00,17.15,8023,17.16,3313,11.28,2292.0,11.29,1939.0
869,2021-02-19 13:08:09.085406-05:00,17.15,7330,17.16,3492,11.28,1257.0,11.29,2574.0
870,2021-02-19 13:08:19.107093-05:00,17.15,7961,17.16,3318,11.28,2294.0,11.29,1925.0
871,2021-02-19 13:08:29.129156-05:00,17.15,7965,17.16,2952,11.28,2737.0,11.29,1669.0
872,2021-02-19 13:08:37.145105-05:00,17.15,7916,17.16,3265,11.28,2737.0,11.29,1669.0
873,2021-02-19 13:08:37.145105-05:00,17.15,7916,17.16,3265,11.28,2644.0,11.29,1762.0
874,2021-02-19 13:08:47.165933-05:00,17.15,7916,17.16,3265,11.28,1145.0,11.29,2466.0
875,2021-02-19 13:08:49.172062-05:00,17.15,5845,17.16,2487,11.28,1145.0,11.29,2466.0
876,2021-02-19 13:08:59.191825-05:00,17.15,7270,17.16,3051,11.28,1633.0,11.29,2707.0
877,2021-02-19 13:09:09.211567-05:00,17.15,7483,17.16,2972,11.28,2121.0,11.29,2004.0
878,2021-02-19 13:09:17.229377-05:00,17.15,7483,17.16,2972,11.28,2387.0,11.29,1732.0
879,2021-02-19 13:09:19.233018-05:00,17.15,6710,17.16,2824,11.28,2387.0,11.29,1732.0
880,2021-02-19 13:09:29.254349-05:00,17.15,7455,17.16,2878,11.28,2094.0,11.29,2089.0
881,2021-02-19 13:09:39.024174-05:00,17.15,7312,17.16,2924,11.28,1913.0,11.29,2537.0
882,2021-02-19 13:09:49.209420-05:00,17.15,7289,17.16,2974,11.28,1421.0,11.29,2567.0
883,2021-02-19 13:09:59.232883-05:00,17.15,7388,17.16,2918,11.28,1829.0,11.29,2578.0
884,2021-02-19 13:10:09.250530-05:00,17.15,7318,17.16,2926,11.28,1629.0,11.29,2567.0
885,2021-02-19 13:10:19.016952-05:00,17.15,7617,17.16,2804,11.28,2167.0,11.29,1848.0
886,2021-02-19 13:10:29.036612-05:00,17.15,7394,17.16,3096,11.28,1942.0,11.29,2306.0
887,2021-02-19 13:10:39.054343-05:00,17.15,8106,17.16,979,11.28,3258.0,11.29,909.0
888,2021-02-19 13:10:49.071252-05:00,17.16,4395,17.17,5879,11.28,3251.0,11.29,875.0
889,2021-02-19 13:10:59.060612-05:00,17.16,4699,17.17,5778,11.28,3429.0,11.29,420.0
890,2021-02-19 13:11:09.082703-05:00,17.16,3054,17.17,6272,11.28,2890.0,11.29,1252.0
891,2021-02-19 13:11:19.105017-05:00,17.16,2343,17.17,6271,11.28,3036.0,11.29,1276.0
892,2021-02-19 13:11:29.127882-05:00,17.15,7514,17.16,4540,11.28,2073.0,11.29,1872.0
893,2021-02-19 13:11:39.149825-05:00,17.15,4533,17.16,6715,11.27,2960.0,11.28,2073.0
894,2021-02-19 13:11:49.172057-05:00,17.15,2417,17.16,5629,11.27,2148.0,11.28,2031.0
895,2021-02-19 13:11:59.195568-05:00,17.15,2110,17.16,6966,11.27,2207.0,11.28,2659.0
896,2021-02-19 13:12:09.218064-05:00,17.14,5499,17.15,4817,11.27,131.0,11.28,3633.0
897,2021-02-19 13:12:19.239144-05:00,17.14,5495,17.15,4807,11.27,261.0,11.28,3785.0
898,2021-02-19 13:12:26.005581-05:00,17.14,5502,17.15,4802,11.27,261.0,11.28,3785.0
899,2021-02-19 13:12:26.005581-05:00,17.14,5502,17.15,4802,11.26,2899.0,11.27,2324.0
900,2021-02-19 13:12:39.034827-05:00,17.14,3938,17.15,6375,11.26,2369.0,11.27,2724.0
901,2021-02-19 13:12:49.057440-05:00,17.14,5211,17.15,4925,11.26,2812.0,11.27,2336.0
902,2021-02-19 13:12:59.078449-05:00,17.14,4547,17.15,6203,11.26,2808.0,11.27,2377.0
903,2021-02-19 13:13:09.100691-05:00,17.14,4550,17.15,6334,11.26,2769.0,11.27,2399.0
904,2021-02-19 13:13:19.122782-05:00,17.14,3435,17.15,6666,11.26,1888.0,11.27,3559.0
905,2021-02-19 13:13:28.141025-05:00,17.14,3066,17.15,6581,11.26,1684.0,11.27,3655.0
906,2021-02-19 13:13:39.164338-05:00,17.14,3617,17.15,6587,11.26,2159.0,11.27,3079.0
907,2021-02-19 13:13:49.187257-05:00,17.14,3789,17.15,6690,11.26,2019.0,11.27,2985.0
908,2021-02-19 13:13:59.207087-05:00,17.14,3922,17.15,6591,11.26,2121.0,11.27,2900.0
909,2021-02-19 13:14:08.227290-05:00,17.14,3966,17.15,6455,11.26,2121.0,11.27,2900.0
910,2021-02-19 13:14:08.227290-05:00,17.14,3966,17.15,6455,11.26,2547.0,11.27,2552.0
911,2021-02-19 13:14:08.227290-05:00,17.14,3966,17.15,6455,11.26,2043.0,11.27,3142.0
912,2021-02-19 13:14:19.250438-05:00,17.14,3658,17.15,6528,11.26,2043.0,11.27,3142.0
913,2021-02-19 13:14:29.021552-05:00,17.14,2032,17.15,6835,11.26,368.0,11.27,3829.0
914,2021-02-19 13:14:39.045433-05:00,17.14,1782,17.15,6714,11.26,940.0,11.27,3436.0
915,2021-02-19 13:14:48.065485-05:00,17.14,2377,17.15,6701,11.26,940.0,11.27,3436.0
916,2021-02-19 13:14:48.065485-05:00,17.14,2377,17.15,6701,11.26,972.0,11.27,3418.0
917,2021-02-19 13:14:59.091769-05:00,17.14,3118,17.15,6631,11.26,1815.0,11.27,3119.0
918,2021-02-19 13:15:09.115159-05:00,17.14,4879,17.15,5348,11.26,1815.0,11.27,3119.0
919,2021-02-19 13:15:09.115159-05:00,17.14,4879,17.15,5348,11.26,2745.0,11.27,2471.0
920,2021-02-19 13:15:19.140079-05:00,17.14,3515,17.15,6666,11.26,2745.0,11.27,2471.0
921,2021-02-19 13:15:19.141041-05:00,17.14,3515,17.15,6666,11.26,2218.0,11.27,2903.0
922,2021-02-19 13:15:29.166153-05:00,17.14,3061,17.15,6834,11.26,1777.0,11.27,3308.0
923,2021-02-19 13:15:39.187622-05:00,17.14,1861,17.15,7411,11.25,3631.0,11.26,1691.0
924,2021-02-19 13:15:49.209604-05:00,17.13,6200,17.14,4052,11.25,3144.0,11.26,1820.0
925,2021-02-19 13:15:59.230447-05:00,17.13,6347,17.14,3816,11.25,3144.0,11.26,1820.0
926,2021-02-19 13:15:59.230447-05:00,17.13,6347,17.14,3816,11.25,3147.0,11.26,1893.0
927,2021-02-19 13:16:09.251410-05:00,17.13,6207,17.14,3831,11.25,3147.0,11.26,1893.0
928,2021-02-19 13:16:09.251410-05:00,17.13,6207,17.14,3831,11.25,3131.0,11.26,1920.0
929,2021-02-19 13:16:17.019723-05:00,17.13,6745,17.14,2743,11.25,3131.0,11.26,1920.0
930,2021-02-19 13:16:19.027271-05:00,17.13,6745,17.14,2743,11.25,3315.0,11.26,1672.0
931,2021-02-19 13:16:29.048205-05:00,17.13,7091,17.14,1486,11.25,3838.0,11.26,569.0
932,2021-02-19 13:16:39.071523-05:00,17.13,6003,17.14,577,11.25,3667.0,11.26,128.0
933,2021-02-19 13:16:49.094419-05:00,17.13,6456,17.14,1466,11.25,4060.0,11.26,754.0
934,2021-02-19 13:16:59.117958-05:00,17.13,6000,17.14,1306,11.25,3933.0,11.26,315.0
935,2021-02-19 13:16:59.117958-05:00,17.13,6000,17.14,1306,11.26,3123.0,11.27,2842.0
936,2021-02-19 13:17:09.141743-05:00,17.13,7192,17.14,895,11.26,3123.0,11.27,2842.0
937,2021-02-19 13:17:17.157490-05:00,17.13,7192,17.14,895,11.26,2805.0,11.27,2987.0
938,2021-02-19 13:17:19.162149-05:00,17.13,7163,17.14,1456,11.26,2805.0,11.27,2987.0
939,2021-02-19 13:17:29.185289-05:00,17.13,7185,17.14,1325,11.26,2788.0,11.27,3053.0
940,2021-02-19 13:17:39.209327-05:00,17.13,7206,17.14,470,11.26,3363.0,11.27,2481.0
941,2021-02-19 13:17:49.229632-05:00,17.14,6729,17.15,5374,11.26,3884.0,11.27,2037.0
942,2021-02-19 13:17:59.252091-05:00,17.14,6244,17.15,4396,11.26,3949.0,11.27,1715.0
943,2021-02-19 13:18:09.022907-05:00,17.14,6244,17.15,4377,11.26,3947.0,11.27,1777.0
944,2021-02-19 13:18:17.036880-05:00,17.14,6244,17.15,4377,11.26,5200.0,11.27,151.0
945,2021-02-19 13:18:19.039278-05:00,17.14,7058,17.15,2952,11.26,5200.0,11.27,151.0
946,2021-02-19 13:18:29.056960-05:00,17.14,7207,17.15,1586,11.26,5857.0,11.27,43.0
947,2021-02-19 13:18:36.068462-05:00,17.14,7314,17.15,988,11.26,5857.0,11.27,43.0
948,2021-02-19 13:18:36.068462-05:00,17.14,7314,17.15,988,11.27,4041.0,11.28,1573.0
949,2021-02-19 13:18:49.097284-05:00,17.15,425,17.16,7091,11.27,2196.0,11.28,2632.0
950,2021-02-19 13:18:58.117556-05:00,17.14,7648,17.15,1081,11.27,2196.0,11.28,2632.0
951,2021-02-19 13:18:58.117556-05:00,17.14,7648,17.15,1081,11.27,3439.0,11.28,1716.0
952,2021-02-19 13:19:05.134711-05:00,17.14,7648,17.15,1081,11.27,1800.0,11.28,2679.0
953,2021-02-19 13:19:09.143670-05:00,17.14,6405,17.15,3089,11.27,1800.0,11.28,2679.0
954,2021-02-19 13:19:19.165789-05:00,17.14,6444,17.15,3075,11.27,2021.0,11.28,2679.0
955,2021-02-19 13:19:29.188501-05:00,17.14,6126,17.15,3491,11.27,328.0,11.28,2987.0
956,2021-02-19 13:19:39.211661-05:00,17.14,4756,17.15,4597,11.26,3876.0,11.27,2095.0
957,2021-02-19 13:19:49.233659-05:00,17.14,6455,17.15,3129,11.26,4556.0,11.27,483.0
958,2021-02-19 13:19:49.233659-05:00,17.14,6455,17.15,3129,11.26,4068.0,11.27,1021.0
959,2021-02-19 13:19:59.004714-05:00,17.14,6133,17.15,3526,11.26,4068.0,11.27,1021.0
960,2021-02-19 13:20:09.028493-05:00,17.14,5268,17.15,4188,11.26,3677.0,11.27,1610.0
961,2021-02-19 13:20:17.046278-05:00,17.14,5986,17.15,3504,11.26,3677.0,11.27,1610.0
962,2021-02-19 13:20:19.049990-05:00,17.14,5986,17.15,3504,11.26,4126.0,11.27,1222.0
963,2021-02-19 13:20:29.071484-05:00,17.14,5958,17.15,3531,11.26,4053.0,11.27,1223.0
964,2021-02-19 13:20:39.093222-05:00,17.14,6081,17.15,3442,11.26,4265.0,11.27,756.0
965,2021-02-19 13:20:49.115513-05:00,17.14,6081,17.15,3464,11.26,4210.0,11.27,777.0
966,2021-02-19 13:20:53.122797-05:00,17.14,6081,17.15,3464,11.26,4497.0,11.27,504.0
967,2021-02-19 13:20:59.135685-05:00,17.14,6301,17.15,3012,11.26,4497.0,11.27,504.0
968,2021-02-19 13:20:59.135685-05:00,17.14,6301,17.15,3012,11.26,4264.0,11.27,686.0
969,2021-02-19 13:21:08.155421-05:00,17.14,5498,17.15,3252,11.26,4264.0,11.27,686.0
970,2021-02-19 13:21:19.189005-05:00,17.14,6206,17.15,1745,11.27,3845.0,11.28,2082.0
971,2021-02-19 13:21:19.189005-05:00,17.14,6206,17.15,1745,11.27,3254.0,11.28,2191.0
972,2021-02-19 13:21:29.204372-05:00,17.14,5970,17.15,1868,11.27,3254.0,11.28,2191.0
973,2021-02-19 13:21:36.215343-05:00,17.14,5970,17.15,1868,11.27,4188.0,11.28,1550.0
974,2021-02-19 13:21:39.221277-05:00,17.15,4670,17.16,6580,11.27,4188.0,11.28,1550.0
975,2021-02-19 13:21:39.221277-05:00,17.15,4670,17.16,6580,11.27,4539.0,11.28,931.0
976,2021-02-19 13:21:49.239045-05:00,17.15,4965,17.16,5476,11.27,4539.0,11.28,931.0
977,2021-02-19 13:21:59.009258-05:00,17.15,4381,17.16,6494,11.27,3802.0,11.28,1744.0
978,2021-02-19 13:22:09.029499-05:00,17.15,2839,17.16,6482,11.27,3252.0,11.28,2036.0
979,2021-02-19 13:22:19.050832-05:00,17.15,1788,17.16,5265,11.27,3071.0,11.28,1539.0
980,2021-02-19 13:22:29.074220-05:00,17.15,2774,17.16,6263,11.27,3236.0,11.28,1963.0
981,2021-02-19 13:22:39.098033-05:00,17.15,2294,17.16,6345,11.27,3190.0,11.28,1991.0
982,2021-02-19 13:22:49.120165-05:00,17.15,3264,17.16,6203,11.27,3972.0,11.28,1560.0
983,2021-02-19 13:22:49.120165-05:00,17.15,3264,17.16,6203,11.27,3870.0,11.28,1275.0
984,2021-02-19 13:22:59.143131-05:00,17.15,3662,17.16,5987,11.27,3870.0,11.28,1275.0
985,2021-02-19 13:22:59.143131-05:00,17.15,3662,17.16,5987,11.27,4273.0,11.28,654.0
986,2021-02-19 13:23:09.167239-05:00,17.15,4880,17.16,5023,11.27,4273.0,11.28,654.0
987,2021-02-19 13:23:09.167239-05:00,17.15,4880,17.16,5023,11.28,3309.0,11.29,2034.0
988,2021-02-19 13:23:19.188403-05:00,17.15,5861,17.16,4059,11.28,3309.0,11.29,2034.0
989,2021-02-19 13:23:29.213726-05:00,17.15,5821,17.16,4055,11.28,2805.0,11.29,2077.0
990,2021-02-19 13:23:39.233393-05:00,17.15,5634,17.16,4090,11.28,2742.0,11.29,2086.0
991,2021-02-19 13:23:49.254175-05:00,17.15,6048,17.16,2168,11.28,3707.0,11.29,1322.0
992,2021-02-19 13:23:59.025047-05:00,17.16,2950,17.17,6335,11.28,3658.0,11.29,1188.0
993,2021-02-19 13:24:09.046617-05:00,17.16,2776,17.17,4518,11.28,3718.0,11.29,421.0
994,2021-02-19 13:24:17.063297-05:00,17.16,2776,17.17,4518,11.28,2993.0,11.29,1254.0
995,2021-02-19 13:24:19.067647-05:00,17.16,1588,17.17,5969,11.28,2993.0,11.29,1254.0
996,2021-02-19 13:24:29.088092-05:00,17.16,3323,17.17,5878,11.28,3947.0,11.29,961.0
997,2021-02-19 13:24:39.064529-05:00,17.16,3621,17.17,5570,11.28,4163.0,11.29,887.0
998,2021-02-19 13:24:49.248088-05:00,17.16,3849,17.17,5490,11.28,4310.0,11.29,747.0
999,2021-02-19 13:24:59.265499-05:00,17.16,6145,17.17,1371,11.29,5505.0,11.3,819.0
1000,2021-02-19 13:25:09.032112-05:00,17.17,4616,17.18,5555,11.3,2809.0,11.31,1894.0
1001,2021-02-19 13:25:19.204639-05:00,17.17,4493,17.18,5612,11.3,2809.0,11.31,1894.0
1002,2021-02-19 13:25:19.204639-05:00,17.17,4493,17.18,5612,11.3,2241.0,11.31,2214.0
1003,2021-02-19 13:25:29.030355-05:00,17.16,5571,17.17,4918,11.29,3247.0,11.3,2749.0
1004,2021-02-19 13:25:39.137738-05:00,17.16,5559,17.17,4922,11.29,3169.0,11.3,2726.0
1005,2021-02-19 13:25:49.072332-05:00,17.16,3560,17.17,6977,11.29,420.0,11.3,3767.0
1006,2021-02-19 13:25:59.182081-05:00,17.15,5610,17.16,4807,11.28,1220.0,11.29,3575.0
1007,2021-02-19 13:26:09.190042-05:00,17.15,5298,17.16,5054,11.28,797.0,11.29,3787.0
1008,2021-02-19 13:26:19.165275-05:00,17.15,3457,17.16,6791,11.27,3386.0,11.28,2467.0
1009,2021-02-19 13:26:29.201010-05:00,17.15,3652,17.16,6515,11.27,3663.0,11.28,2361.0
1010,2021-02-19 13:26:39.107474-05:00,17.15,5098,17.16,5074,11.27,4629.0,11.28,626.0
1011,2021-02-19 13:26:49.073332-05:00,17.15,3174,17.16,6846,11.27,3722.0,11.28,1331.0
1012,2021-02-19 13:26:58.214798-05:00,17.15,3393,17.16,6572,11.27,3722.0,11.28,1331.0
1013,2021-02-19 13:26:58.214798-05:00,17.15,3393,17.16,6572,11.27,3880.0,11.28,1307.0
1014,2021-02-19 13:27:09.033447-05:00,17.15,3989,17.16,6403,11.27,3954.0,11.28,1158.0
1015,2021-02-19 13:27:19.053783-05:00,17.15,5363,17.16,4954,11.27,4496.0,11.28,571.0
1016,2021-02-19 13:27:29.074249-05:00,17.15,5412,17.16,4683,11.27,4496.0,11.28,571.0
1017,2021-02-19 13:27:29.074249-05:00,17.15,5412,17.16,4683,11.27,4781.0,11.28,745.0
1018,2021-02-19 13:27:39.143944-05:00,17.15,5424,17.16,4539,11.28,2330.0,11.29,3563.0
1019,2021-02-19 13:27:49.163626-05:00,17.15,5745,17.16,4510,11.28,2375.0,11.29,3352.0
1020,2021-02-19 13:27:59.177832-05:00,17.15,5778,17.16,4507,11.28,2752.0,11.29,2910.0
1021,2021-02-19 13:28:09.192752-05:00,17.15,5415,17.16,4582,11.28,2752.0,11.29,2910.0
1022,2021-02-19 13:28:09.192752-05:00,17.15,5415,17.16,4582,11.28,2343.0,11.29,3354.0
1023,2021-02-19 13:28:19.209158-05:00,17.15,5308,17.16,4903,11.28,1328.0,11.29,3543.0
1024,2021-02-19 13:28:29.224769-05:00,17.15,3175,17.16,6765,11.27,3500.0,11.28,2175.0
1025,2021-02-19 13:28:34.984652-05:00,17.15,3874,17.16,6348,11.27,3500.0,11.28,2175.0
1026,2021-02-19 13:28:39.242145-05:00,17.15,3874,17.16,6348,11.27,3830.0,11.28,1829.0
1027,2021-02-19 13:28:49.012216-05:00,17.15,4409,17.16,6271,11.27,3923.0,11.28,1256.0
1028,2021-02-19 13:28:49.012216-05:00,17.15,4409,17.16,6271,11.27,3664.0,11.28,1293.0
1029,2021-02-19 13:28:59.034227-05:00,17.15,3864,17.16,6398,11.27,3664.0,11.28,1293.0
1030,2021-02-19 13:29:08.052440-05:00,17.15,3754,17.16,6408,11.27,3542.0,11.28,1391.0
1031,2021-02-19 13:29:19.075896-05:00,17.15,3837,17.16,6385,11.27,3555.0,11.28,1279.0
1032,2021-02-19 13:29:29.100038-05:00,17.15,3754,17.16,6375,11.27,3686.0,11.28,1346.0
1033,2021-02-19 13:29:39.120270-05:00,17.15,5127,17.16,4898,11.27,3686.0,11.28,1346.0
1034,2021-02-19 13:29:39.120270-05:00,17.15,5127,17.16,4898,11.27,3841.0,11.28,990.0
1035,2021-02-19 13:29:49.143118-05:00,17.15,5629,17.16,4531,11.28,2346.0,11.29,3458.0
1036,2021-02-19 13:29:59.164851-05:00,17.15,4996,17.16,639,11.28,2346.0,11.29,3458.0
1037,2021-02-19 13:29:59.164851-05:00,17.15,4996,17.16,639,11.28,3018.0,11.29,1868.0
1038,2021-02-19 13:30:09.187925-05:00,17.16,6408,17.17,4096,11.29,2312.0,11.3,2095.0
1039,2021-02-19 13:30:19.206938-05:00,17.16,2493,17.17,4952,11.28,2860.0,11.29,1511.0
1040,2021-02-19 13:30:29.240856-05:00,17.16,2753,17.17,5963,11.28,2860.0,11.29,1511.0
1041,2021-02-19 13:30:29.240856-05:00,17.16,2753,17.17,5963,11.28,3089.0,11.29,1852.0
1042,2021-02-19 13:30:39.247639-05:00,17.15,4627,17.16,4812,11.28,1064.0,11.29,3113.0
1043,2021-02-19 13:30:49.018443-05:00,17.15,5804,17.16,4090,11.28,1733.0,11.29,3063.0
1044,2021-02-19 13:30:59.038327-05:00,17.15,5639,17.16,4466,11.28,883.0,11.29,3120.0
1045,2021-02-19 13:31:09.058967-05:00,17.15,5277,17.16,4664,11.27,4089.0,11.28,973.0
1046,2021-02-19 13:31:18.077848-05:00,17.15,4055,17.16,6185,11.27,4089.0,11.28,973.0
1047,2021-02-19 13:31:18.077848-05:00,17.15,4055,17.16,6185,11.27,3552.0,11.28,1266.0
1048,2021-02-19 13:31:29.101101-05:00,17.15,1713,17.16,6696,11.27,2035.0,11.28,2466.0
1049,2021-02-19 13:31:29.101101-05:00,17.15,1713,17.16,6696,11.27,1323.0,11.28,2870.0
1050,2021-02-19 13:31:39.123436-05:00,17.15,1548,17.16,6769,11.27,1323.0,11.28,2870.0
1051,2021-02-19 13:31:49.144993-05:00,17.15,2754,17.16,6607,11.27,2104.0,11.28,2212.0
1052,2021-02-19 13:31:58.067561-05:00,17.15,3049,17.16,6524,11.27,2104.0,11.28,2212.0
1053,2021-02-19 13:31:58.067561-05:00,17.15,3049,17.16,6524,11.27,2896.0,11.28,1625.0
1054,2021-02-19 13:32:09.018812-05:00,17.15,3085,17.16,6325,11.27,2926.0,11.28,1454.0
1055,2021-02-19 13:32:19.238078-05:00,17.15,3033,17.16,6364,11.27,2656.0,11.28,1631.0
1056,2021-02-19 13:32:29.004054-05:00,17.15,3559,17.16,6243,11.27,2989.0,11.28,1369.0
1057,2021-02-19 13:32:34.013259-05:00,17.15,3559,17.16,6243,11.27,2164.0,11.28,2220.0
1058,2021-02-19 13:32:39.022838-05:00,17.15,2768,17.16,6539,11.27,2164.0,11.28,2220.0
1059,2021-02-19 13:32:49.036013-05:00,17.15,2776,17.16,6539,11.27,1982.0,11.28,2356.0
1060,2021-02-19 13:32:59.051934-05:00,17.15,3085,17.16,6437,11.27,2715.0,11.28,1745.0
1061,2021-02-19 13:33:09.068183-05:00,17.15,3089,17.16,6423,11.27,2686.0,11.28,1778.0
1062,2021-02-19 13:33:19.085446-05:00,17.15,3038,17.16,6478,11.27,2665.0,11.28,1786.0
1063,2021-02-19 13:33:29.103383-05:00,17.15,3426,17.16,6423,11.27,2971.0,11.28,1453.0
1064,2021-02-19 13:33:29.103383-05:00,17.15,3426,17.16,6423,11.27,3396.0,11.28,756.0
1065,2021-02-19 13:33:39.118180-05:00,17.15,5318,17.16,4443,11.27,3396.0,11.28,756.0
1066,2021-02-19 13:33:49.134133-05:00,17.15,4538,17.16,6100,11.27,3175.0,11.28,1326.0
1067,2021-02-19 13:33:59.151309-05:00,17.15,3818,17.16,6131,11.27,3163.0,11.28,1339.0
1068,2021-02-19 13:34:09.171187-05:00,17.15,4613,17.16,6046,11.27,3163.0,11.28,1339.0
1069,2021-02-19 13:34:09.171187-05:00,17.15,4613,17.16,6046,11.27,3205.0,11.28,1303.0
1070,2021-02-19 13:34:19.191589-05:00,17.15,4604,17.16,6084,11.27,3329.0,11.28,1307.0
1071,2021-02-19 13:34:29.212903-05:00,17.15,3766,17.16,6121,11.27,3164.0,11.28,1333.0
1072,2021-02-19 13:34:39.233823-05:00,17.15,4982,17.16,5516,11.27,3233.0,11.28,1021.0
1073,2021-02-19 13:34:49.004156-05:00,17.15,5403,17.16,4382,11.27,3619.0,11.28,664.0
1074,2021-02-19 13:34:59.024286-05:00,17.15,6232,17.16,1655,11.28,3637.0,11.29,2189.0
1075,2021-02-19 13:35:09.048097-05:00,17.16,4713,17.17,6090,11.28,3664.0,11.29,1638.0
1076,2021-02-19 13:35:19.070526-05:00,17.16,2674,17.17,6207,11.28,3280.0,11.29,2015.0
1077,2021-02-19 13:35:29.092065-05:00,17.16,3174,17.17,5905,11.28,3659.0,11.29,1747.0
1078,2021-02-19 13:35:39.108300-05:00,17.15,6185,17.16,4725,11.28,2368.0,11.29,2921.0
1079,2021-02-19 13:35:49.124236-05:00,17.15,6002,17.16,4655,11.28,2579.0,11.29,2328.0
1080,2021-02-19 13:35:59.140847-05:00,17.15,5582,17.16,5016,11.28,1727.0,11.29,2911.0
1081,2021-02-19 13:36:09.157391-05:00,17.15,5714,17.16,4694,11.28,1727.0,11.29,2911.0
1082,2021-02-19 13:36:09.157391-05:00,17.15,5714,17.16,4694,11.27,3768.0,11.28,598.0
1083,2021-02-19 13:36:09.157391-05:00,17.15,5714,17.16,4694,11.27,3773.0,11.28,705.0
1084,2021-02-19 13:36:19.174213-05:00,17.15,5628,17.16,4694,11.27,3773.0,11.28,705.0
1085,2021-02-19 13:36:29.191611-05:00,17.15,5679,17.16,4694,11.27,3773.0,11.28,705.0
1086,2021-02-19 13:36:29.191611-05:00,17.15,5679,17.16,4694,11.27,3755.0,11.28,621.0
1087,2021-02-19 13:36:29.191611-05:00,17.15,5679,17.16,4694,11.27,3763.0,11.28,613.0
1088,2021-02-19 13:36:39.207542-05:00,17.15,5736,17.16,4883,11.27,3763.0,11.28,613.0
1089,2021-02-19 13:36:49.224308-05:00,17.15,6143,17.16,4502,11.28,3363.0,11.29,2136.0
1090,2021-02-19 13:36:57.990435-05:00,17.15,6184,17.16,3180,11.28,3363.0,11.29,2136.0
1091,2021-02-19 13:36:57.990435-05:00,17.15,6184,17.16,3180,11.28,3294.0,11.29,2073.0
1092,2021-02-19 13:37:09.012391-05:00,17.16,5060,17.17,5843,11.28,4209.0,11.29,971.0
1093,2021-02-19 13:37:11.016385-05:00,17.16,5060,17.17,5843,11.28,4578.0,11.29,718.0
1094,2021-02-19 13:37:19.032752-05:00,17.16,5163,17.17,5547,11.28,4578.0,11.29,718.0
1095,2021-02-19 13:37:29.053946-05:00,17.16,2492,17.17,6429,11.28,3260.0,11.29,1660.0
1096,2021-02-19 13:37:37.070223-05:00,17.16,4204,17.17,5074,11.28,3260.0,11.29,1660.0
1097,2021-02-19 13:37:39.074934-05:00,17.16,4204,17.17,5074,11.28,4219.0,11.29,660.0
1098,2021-02-19 13:37:49.097296-05:00,17.16,4564,17.17,5042,11.28,4415.0,11.29,543.0
1099,2021-02-19 13:37:59.121826-05:00,17.16,1400,17.17,6059,11.28,2422.0,11.29,2251.0
1100,2021-02-19 13:38:09.143542-05:00,17.15,4585,17.16,5798,11.28,2422.0,11.29,2251.0
1101,2021-02-19 13:38:09.143542-05:00,17.15,4585,17.16,5798,11.27,3129.0,11.28,1484.0
1102,2021-02-19 13:38:19.164561-05:00,17.15,3937,17.16,6330,11.27,2904.0,11.28,1708.0
1103,2021-02-19 13:38:29.188411-05:00,17.15,3371,17.16,6693,11.27,2550.0,11.28,2264.0
1104,2021-02-19 13:38:39.211549-05:00,17.15,3551,17.16,6831,11.27,2941.0,11.28,1961.0
1105,2021-02-19 13:38:49.233013-05:00,17.15,3558,17.16,6994,11.27,2865.0,11.28,1963.0
1106,2021-02-19 13:38:59.254309-05:00,17.15,3676,17.16,6902,11.27,2934.0,11.28,1899.0
1107,2021-02-19 13:39:09.025410-05:00,17.15,3228,17.16,7061,11.27,2536.0,11.28,2263.0
1108,2021-02-19 13:39:11.029041-05:00,17.15,3228,17.16,7061,11.27,1734.0,11.28,3019.0
1109,2021-02-19 13:39:19.045728-05:00,17.15,2385,17.16,6955,11.27,1734.0,11.28,3019.0
1110,2021-02-19 13:39:29.066766-05:00,17.15,963,17.16,7308,11.27,974.0,11.28,3043.0
1111,2021-02-19 13:39:39.139212-05:00,17.15,2138,17.16,7243,11.27,1537.0,11.28,3073.0
1112,2021-02-19 13:39:49.156505-05:00,17.15,1515,17.16,7250,11.27,1182.0,11.28,3076.0
1113,2021-02-19 13:39:59.177267-05:00,17.15,453,17.16,7303,11.27,251.0,11.28,3211.0
1114,2021-02-19 13:40:09.200020-05:00,17.15,1258,17.16,7304,11.27,711.0,11.28,3182.0
1115,2021-02-19 13:40:19.221626-05:00,17.15,1461,17.16,7291,11.27,429.0,11.28,3204.0
1116,2021-02-19 13:40:29.246379-05:00,17.14,5482,17.15,6084,11.26,3523.0,11.27,2622.0
1117,2021-02-19 13:40:31.999425-05:00,17.14,5482,17.15,6084,11.26,3553.0,11.27,2471.0
1118,2021-02-19 13:40:39.015648-05:00,17.14,5579,17.15,6003,11.26,3553.0,11.27,2471.0
1119,2021-02-19 13:40:49.033508-05:00,17.14,5563,17.15,5635,11.26,3522.0,11.27,2649.0
1120,2021-02-19 13:40:59.213973-05:00,17.14,4570,17.15,7213,11.26,3283.0,11.27,2822.0
1121,2021-02-19 13:41:09.227260-05:00,17.14,5544,17.15,5433,11.26,3283.0,11.27,2822.0
1122,2021-02-19 13:41:09.227260-05:00,17.14,5544,17.15,5433,11.26,3492.0,11.27,2392.0
1123,2021-02-19 13:41:19.190512-05:00,17.14,5541,17.15,5433,11.26,3511.0,11.27,2201.0
1124,2021-02-19 13:41:29.209638-05:00,17.14,5968,17.15,5373,11.26,3801.0,11.27,1000.0
1125,2021-02-19 13:41:39.231292-05:00,17.14,5945,17.15,5294,11.26,3895.0,11.27,785.0
1126,2021-02-19 13:41:39.231292-05:00,17.14,5945,17.15,5294,11.26,3869.0,11.27,667.0
1127,2021-02-19 13:41:49.067021-05:00,17.14,5919,17.15,4936,11.26,3869.0,11.27,667.0
1128,2021-02-19 13:41:59.209219-05:00,17.14,5700,17.15,5327,11.26,3670.0,11.27,1107.0
1129,2021-02-19 13:42:09.028727-05:00,17.14,5698,17.15,5327,11.26,3670.0,11.27,1107.0
1130,2021-02-19 13:42:09.028727-05:00,17.14,5698,17.15,5327,11.26,3643.0,11.27,1291.0
1131,2021-02-19 13:42:18.043828-05:00,17.14,5912,17.15,5100,11.26,3643.0,11.27,1291.0
1132,2021-02-19 13:42:18.043828-05:00,17.14,5912,17.15,5100,11.26,3834.0,11.27,734.0
1133,2021-02-19 13:42:28.119700-05:00,17.14,5912,17.15,5147,11.26,3834.0,11.27,734.0
1134,2021-02-19 13:42:28.119700-05:00,17.14,5912,17.15,5147,11.26,3840.0,11.27,813.0
1135,2021-02-19 13:42:39.171649-05:00,17.14,5594,17.15,5219,11.26,3571.0,11.27,1525.0
1136,2021-02-19 13:42:39.171649-05:00,17.14,5594,17.15,5219,11.26,3590.0,11.27,1291.0
1137,2021-02-19 13:42:49.040663-05:00,17.14,5702,17.15,5209,11.26,3590.0,11.27,1291.0
1138,2021-02-19 13:42:49.040663-05:00,17.14,5702,17.15,5209,11.26,3590.0,11.27,1327.0
1139,2021-02-19 13:43:06.107169-05:00,17.14,5590,17.15,5239,11.26,3590.0,11.27,1327.0
1140,2021-02-19 13:43:06.107169-05:00,17.14,5590,17.15,5239,11.26,3581.0,11.27,1530.0
1141,2021-02-19 13:43:19.131031-05:00,17.14,5583,17.15,5262,11.26,3508.0,11.27,1552.0
1142,2021-02-19 13:43:28.142634-05:00,17.14,5567,17.15,5245,11.26,3481.0,11.27,1552.0
1143,2021-02-19 13:43:38.164142-05:00,17.14,5567,17.15,5284,11.26,3481.0,11.27,1552.0
1144,2021-02-19 13:43:38.164142-05:00,17.14,5567,17.15,5284,11.26,3509.0,11.27,1552.0
1145,2021-02-19 13:43:48.185814-05:00,17.14,5698,17.15,5209,11.26,3509.0,11.27,1552.0
1146,2021-02-19 13:43:48.185814-05:00,17.14,5698,17.15,5209,11.26,3653.0,11.27,1232.0
1147,2021-02-19 13:43:58.208767-05:00,17.14,5710,17.15,5209,11.26,3653.0,11.27,1232.0
1148,2021-02-19 13:43:58.208767-05:00,17.14,5710,17.15,5209,11.26,3981.0,11.27,1157.0
1149,2021-02-19 13:44:09.233580-05:00,17.14,6421,17.15,2210,11.26,4828.0,11.27,230.0
1150,2021-02-19 13:44:19.005154-05:00,17.14,6209,17.15,2956,11.26,4725.0,11.27,516.0
1151,2021-02-19 13:44:29.026621-05:00,17.14,6908,17.15,80,11.27,4685.0,11.28,2122.0
1152,2021-02-19 13:44:39.048672-05:00,17.15,3846,17.16,7517,11.27,4047.0,11.28,2367.0
1153,2021-02-19 13:44:49.071158-05:00,17.15,2209,17.16,7656,11.27,2211.0,11.28,3294.0
1154,2021-02-19 13:44:59.092549-05:00,17.15,2731,17.16,7539,11.27,2762.0,11.28,2568.0
1155,2021-02-19 13:45:09.114950-05:00,17.15,2904,17.16,7214,11.27,3324.0,11.28,2369.0
1156,2021-02-19 13:45:19.139817-05:00,17.15,2573,17.16,7197,11.27,2473.0,11.28,2780.0
1157,2021-02-19 13:45:19.139817-05:00,17.15,2573,17.16,7197,11.27,1297.0,11.28,2729.0
1158,2021-02-19 13:45:29.160453-05:00,17.15,1872,17.16,7608,11.27,1297.0,11.28,2729.0
1159,2021-02-19 13:45:39.177645-05:00,17.15,1726,17.16,7575,11.27,1214.0,11.28,3145.0
1160,2021-02-19 13:45:39.177645-05:00,17.15,1726,17.16,7575,11.27,1578.0,11.28,2971.0
1161,2021-02-19 13:45:49.195642-05:00,17.15,2195,17.16,7520,11.27,1578.0,11.28,2971.0
1162,2021-02-19 13:45:58.214676-05:00,17.15,2678,17.16,7436,11.27,1578.0,11.28,2971.0
1163,2021-02-19 13:45:58.214676-05:00,17.15,2678,17.16,7436,11.27,1912.0,11.28,3009.0
1164,2021-02-19 13:46:09.238834-05:00,17.15,2662,17.16,7413,11.27,2050.0,11.28,2987.0
1165,2021-02-19 13:46:19.010630-05:00,17.15,2318,17.16,7500,11.27,2022.0,11.28,2654.0
1166,2021-02-19 13:46:19.010630-05:00,17.15,2318,17.16,7500,11.27,2022.0,11.28,2991.0
1167,2021-02-19 13:46:29.032181-05:00,17.15,2404,17.16,7393,11.27,2022.0,11.28,2991.0
1168,2021-02-19 13:46:39.054329-05:00,17.15,3116,17.16,7077,11.27,2346.0,11.28,2437.0
1169,2021-02-19 13:46:39.054329-05:00,17.15,3116,17.16,7077,11.27,2271.0,11.28,2504.0
1170,2021-02-19 13:46:49.075371-05:00,17.15,2936,17.16,7069,11.27,2271.0,11.28,2504.0
1171,2021-02-19 13:46:59.095134-05:00,17.15,2928,17.16,6966,11.27,2483.0,11.28,2509.0
1172,2021-02-19 13:46:59.095134-05:00,17.15,2928,17.16,6966,11.27,2172.0,11.28,2515.0
1173,2021-02-19 13:47:09.118327-05:00,17.15,2912,17.16,6947,11.27,2172.0,11.28,2515.0
1174,2021-02-19 13:47:09.118327-05:00,17.15,2912,17.16,6947,11.27,2130.0,11.28,3001.0
1175,2021-02-19 13:47:19.139678-05:00,17.15,2667,17.16,6986,11.27,2130.0,11.28,3001.0
1176,2021-02-19 13:47:29.160327-05:00,17.15,3200,17.16,6712,11.27,2641.0,11.28,2452.0
1177,2021-02-19 13:47:39.181893-05:00,17.15,3200,17.16,6713,11.27,2416.0,11.28,2379.0
1178,2021-02-19 13:47:39.181893-05:00,17.15,3200,17.16,6713,11.27,2879.0,11.28,2218.0
1179,2021-02-19 13:47:49.201699-05:00,17.15,3250,17.16,6711,11.27,2879.0,11.28,2218.0
1180,2021-02-19 13:47:49.201699-05:00,17.15,3250,17.16,6711,11.27,2905.0,11.28,2083.0
1181,2021-02-19 13:47:59.224921-05:00,17.15,3592,17.16,6592,11.27,2905.0,11.28,2083.0
