,time,bid1,bid_size1,ask1,ask_size1,bid2,bid_size2,ask2,ask_size2
0,2020-11-23 10:41:45.381801-05:00,18.95,8104,18.96,7708,13.79,2576,13.8,903
1,2020-11-23 10:41:49.108311-05:00,18.95,8018,18.96,8288,13.79,2527,13.8,1007
2,2020-11-23 10:41:59.133980-05:00,18.96,4966,18.97,12651,13.8,2327,13.81,2096
3,2020-11-23 10:42:09.142515-05:00,18.96,3938,18.97,11870,13.8,2850,13.81,1835
4,2020-11-23 10:42:19.159326-05:00,18.96,7238,18.97,7922,13.81,2320,13.82,2752
5,2020-11-23 10:42:29.175628-05:00,18.96,4987,18.97,11532,13.8,3324,13.81,2013
6,2020-11-23 10:42:39.193700-05:00,18.96,9103,18.97,4739,13.81,3247,13.82,1016
7,2020-11-23 10:42:49.209004-05:00,18.97,6881,18.98,11737,13.82,2208,13.83,2252
8,2020-11-23 10:42:59.226734-05:00,18.97,5280,18.98,12481,13.82,1031,13.83,2724
9,2020-11-23 10:43:09.245504-05:00,18.97,4113,18.98,12533,13.82,1235,13.83,2616
10,2020-11-23 10:43:19.260089-05:00,18.97,7181,18.98,8871,13.82,2024,13.83,2199
11,2020-11-23 10:43:29.278671-05:00,18.97,9457,18.98,5710,13.82,2854,13.83,855
12,2020-11-23 10:43:39.296133-05:00,18.97,1343,18.98,11089,13.81,2732,13.82,1929
13,2020-11-23 10:43:49.062054-05:00,18.96,10426,18.97,7070,13.81,2961,13.82,1877
14,2020-11-23 10:43:59.078228-05:00,18.97,6315,18.98,10386,13.82,1748,13.83,2681
15,2020-11-23 10:44:09.226388-05:00,18.97,10168,18.98,5793,13.82,2858,13.83,1034
16,2020-11-23 10:44:19.243376-05:00,18.97,10488,18.98,5244,13.83,1456,13.84,2142
17,2020-11-23 10:44:29.265008-05:00,18.98,8075,18.99,8578,13.84,1989,13.85,2560
18,2020-11-23 10:44:39.278868-05:00,18.98,10581,18.99,2298,13.84,3140,13.85,631
19,2020-11-23 10:44:49.295786-05:00,18.98,9807,18.99,5598,13.84,1685,13.85,1904
20,2020-11-23 10:44:59.062339-05:00,18.98,9780,18.99,5594,13.84,1666,13.85,1864
21,2020-11-23 10:45:09.081459-05:00,18.98,10983,18.99,7450,13.84,2057,13.85,2386
22,2020-11-23 10:45:19.097309-05:00,18.98,1887,18.99,6054,13.83,2843,13.84,922
23,2020-11-23 10:45:29.113687-05:00,18.97,9538,18.98,7206,13.83,18,13.84,2756
24,2020-11-23 10:45:39.132599-05:00,18.97,5972,18.98,11650,13.82,1746,13.83,2477
25,2020-11-23 10:45:49.149825-05:00,18.96,8948,18.97,6571,13.81,2070,13.82,1465
26,2020-11-23 10:45:59.166109-05:00,18.96,9802,18.97,6355,13.81,2022,13.82,1104
27,2020-11-23 10:46:09.184959-05:00,18.96,9797,18.97,6371,13.81,1901,13.82,1453
28,2020-11-23 10:46:19.203549-05:00,18.96,8715,18.97,9826,13.81,904,13.82,2001
29,2020-11-23 10:46:29.220915-05:00,18.96,6923,18.97,10199,13.81,592,13.82,2173
30,2020-11-23 10:46:39.237247-05:00,18.96,9814,18.97,6359,13.81,1714,13.82,1515
31,2020-11-23 10:46:49.256205-05:00,18.96,9809,18.97,6335,13.81,1750,13.82,1427
32,2020-11-23 10:46:59.273162-05:00,18.96,6875,18.97,10256,13.81,731,13.82,2202
33,2020-11-23 10:47:09.288758-05:00,18.96,9321,18.97,6726,13.81,1694,13.82,1969
34,2020-11-23 10:47:09.288758-05:00,18.96,9321,18.97,6726,13.8,2825,13.81,797
35,2020-11-23 10:47:19.057312-05:00,18.96,6283,18.97,10920,13.8,2825,13.81,797
36,2020-11-23 10:47:29.074911-05:00,18.96,9626,18.97,6397,13.81,2112,13.82,1993
37,2020-11-23 10:47:39.092721-05:00,18.96,8035,18.97,7491,13.81,1322,13.82,2294
38,2020-11-23 10:47:49.110945-05:00,18.96,9274,18.97,7361,13.81,1612,13.82,2246
39,2020-11-23 10:47:59.127753-05:00,18.96,8010,18.97,10150,13.81,846,13.82,2314
40,2020-11-23 10:48:09.145046-05:00,18.96,10300,18.97,6269,13.81,2278,13.82,1223
41,2020-11-23 10:48:19.162239-05:00,18.96,10289,18.97,5679,13.81,2483,13.82,1133
42,2020-11-23 10:48:29.179773-05:00,18.96,10167,18.97,6474,13.81,1805,13.82,1468
43,2020-11-23 10:48:39.196580-05:00,18.96,10152,18.97,6356,13.81,2266,13.82,1272
44,2020-11-23 10:48:49.216609-05:00,18.96,8690,18.97,5577,13.81,1476,13.82,2193
45,2020-11-23 10:48:59.231296-05:00,18.96,9384,18.97,5048,13.81,1620,13.82,2084
46,2020-11-23 10:49:08.244619-05:00,18.96,9402,18.97,5546,13.81,1620,13.82,2084
47,2020-11-23 10:49:08.244619-05:00,18.96,9402,18.97,5546,13.81,1593,13.82,2116
48,2020-11-23 10:49:19.264181-05:00,18.96,9401,18.97,5557,13.81,1386,13.82,2172
49,2020-11-23 10:49:27.028324-05:00,18.96,9401,18.97,5557,13.81,1451,13.82,2426
50,2020-11-23 10:49:29.289009-05:00,18.96,9401,18.97,5652,13.81,1451,13.82,2426
51,2020-11-23 10:49:39.049985-05:00,18.96,7950,18.97,8609,13.81,714,13.82,2305
52,2020-11-23 10:49:49.067996-05:00,18.96,6435,18.97,9322,13.8,2882,13.81,1845
53,2020-11-23 10:49:59.083771-05:00,18.96,9484,18.97,5650,13.81,2057,13.82,2187
54,2020-11-23 10:50:09.104067-05:00,18.96,9902,18.97,4801,13.81,2317,13.82,1620
55,2020-11-23 10:50:19.121639-05:00,18.96,8518,18.97,4786,13.81,2074,13.82,1997
56,2020-11-23 10:50:29.137975-05:00,18.96,10207,18.97,4718,13.81,2548,13.82,1296
57,2020-11-23 10:50:39.193659-05:00,18.96,10223,18.97,4751,13.81,2270,13.82,1385
58,2020-11-23 10:50:49.171297-05:00,18.96,9054,18.97,4640,13.81,2019,13.82,1232
59,2020-11-23 10:50:59.189758-05:00,18.96,10218,18.97,4748,13.81,1775,13.82,1463
60,2020-11-23 10:51:09.208090-05:00,18.96,8064,18.97,8629,13.81,959,13.82,2488
61,2020-11-23 10:51:19.227308-05:00,18.96,4411,18.97,9697,13.8,2040,13.81,2792
62,2020-11-23 10:51:29.244732-05:00,18.96,4457,18.97,9633,13.8,2504,13.81,1577
63,2020-11-23 10:51:39.262606-05:00,18.96,3040,18.97,10235,13.8,1797,13.81,2467
64,2020-11-23 10:51:49.279817-05:00,18.96,1416,18.97,10228,13.8,929,13.81,2564
65,2020-11-23 10:51:59.298291-05:00,18.95,9944,18.96,6120,13.8,307,13.81,2739
66,2020-11-23 10:52:09.067812-05:00,18.95,10448,18.96,6155,13.8,801,13.81,2803
67,2020-11-23 10:52:19.084134-05:00,18.95,9528,18.96,8575,13.79,2610,13.8,1805
68,2020-11-23 10:52:29.100666-05:00,18.95,8152,18.96,10079,13.79,1898,13.8,1708
69,2020-11-23 10:52:39.117568-05:00,18.95,5416,18.96,10881,13.79,839,13.8,2357
70,2020-11-23 10:52:49.140777-05:00,18.95,4048,18.96,10985,13.78,3056,13.79,1089
71,2020-11-23 10:52:59.156297-05:00,18.95,3545,18.96,11102,13.78,2979,13.79,1042
72,2020-11-23 10:53:09.175219-05:00,18.95,3730,18.96,10931,13.79,721,13.8,2455
73,2020-11-23 10:53:19.193349-05:00,18.95,468,18.96,11972,13.78,2656,13.79,1176
74,2020-11-23 10:53:28.208850-05:00,18.95,1971,18.96,12324,13.78,2656,13.79,1176
75,2020-11-23 10:53:28.208850-05:00,18.95,1971,18.96,12324,13.78,2732,13.79,1050
76,2020-11-23 10:53:39.230217-05:00,18.95,1971,18.96,12250,13.78,2703,13.79,1025
77,2020-11-23 10:53:49.246710-05:00,18.95,2344,18.96,11876,13.79,1194,13.8,2405
78,2020-11-23 10:53:59.264384-05:00,18.95,2702,18.96,11952,13.79,667,13.8,2848
79,2020-11-23 10:54:09.281436-05:00,18.95,4626,18.96,11722,13.79,1617,13.8,1977
80,2020-11-23 10:54:19.048599-05:00,18.95,3508,18.96,11853,13.79,1314,13.8,2694
81,2020-11-23 10:54:19.048599-05:00,18.95,3508,18.96,11853,13.79,706,13.8,2737
82,2020-11-23 10:54:29.065214-05:00,18.95,2719,18.96,11937,13.79,706,13.8,2737
83,2020-11-23 10:54:39.082947-05:00,18.95,2775,18.96,11906,13.79,801,13.8,2762
84,2020-11-23 10:54:49.100861-05:00,18.95,140,18.96,12536,13.78,2420,13.79,2141
85,2020-11-23 10:54:59.119433-05:00,18.94,10759,18.95,6728,13.78,1978,13.79,2256
86,2020-11-23 10:55:03.123658-05:00,18.94,10759,18.95,6728,13.78,2556,13.79,2061
87,2020-11-23 10:55:09.134242-05:00,18.94,10883,18.95,6718,13.78,2556,13.79,2061
88,2020-11-23 10:55:19.152018-05:00,18.94,10499,18.95,6749,13.78,1920,13.79,2353
89,2020-11-23 10:55:29.187837-05:00,18.94,8213,18.95,10621,13.78,920,13.79,3257
90,2020-11-23 10:55:39.205793-05:00,18.94,4448,18.95,11797,13.77,1917,13.78,2647
91,2020-11-23 10:55:49.221862-05:00,18.94,4850,18.95,11329,13.77,2429,13.78,2186
92,2020-11-23 10:55:59.239489-05:00,18.94,4833,18.95,11336,13.77,2432,13.78,2171
93,2020-11-23 10:56:09.257302-05:00,18.94,6428,18.95,11327,13.77,2466,13.78,1433
94,2020-11-23 10:56:19.276679-05:00,18.94,6426,18.95,11292,13.77,2465,13.78,1444
95,2020-11-23 10:56:29.273888-05:00,18.94,6355,18.95,11341,13.77,2468,13.78,1313
96,2020-11-23 10:56:39.231617-05:00,18.94,6363,18.95,11353,13.77,2464,13.78,1673
97,2020-11-23 10:56:49.248659-05:00,18.94,5799,18.95,11396,13.77,2462,13.78,1432
98,2020-11-23 10:56:59.266611-05:00,18.94,7478,18.95,10585,13.77,2583,13.78,652
99,2020-11-23 10:57:09.284107-05:00,18.94,6419,18.95,11281,13.77,2765,13.78,1111
100,2020-11-23 10:57:19.094604-05:00,18.94,8302,18.95,9938,13.77,2958,13.78,496
101,2020-11-23 10:57:28.146981-05:00,18.94,8970,18.95,7647,13.77,3089,13.78,235
102,2020-11-23 10:57:39.128221-05:00,18.94,9290,18.95,6722,13.78,2710,13.79,2573
103,2020-11-23 10:57:49.143904-05:00,18.95,4916,18.96,12025,13.78,3603,13.79,851
104,2020-11-23 10:57:59.164575-05:00,18.95,1593,18.96,12402,13.78,3286,13.79,1454
105,2020-11-23 10:58:09.182070-05:00,18.95,1755,18.96,12355,13.78,3248,13.79,1477
106,2020-11-23 10:58:19.203896-05:00,18.95,2727,18.96,11625,13.78,3304,13.79,1110
107,2020-11-23 10:58:29.221163-05:00,18.95,3827,18.96,11885,13.78,3763,13.79,306
108,2020-11-23 10:58:39.160178-05:00,18.95,2996,18.96,11885,13.79,708,13.8,2519
109,2020-11-23 10:58:49.176519-05:00,18.95,2290,18.96,12153,13.78,3580,13.79,2241
110,2020-11-23 10:58:59.194552-05:00,18.94,10204,18.95,7464,13.78,2957,13.79,2316
111,2020-11-23 10:59:09.175112-05:00,18.94,10638,18.95,7417,13.78,3595,13.79,2108
112,2020-11-23 10:59:19.291095-05:00,18.94,10796,18.95,1455,13.78,3669,13.79,574
113,2020-11-23 10:59:27.051275-05:00,18.94,10796,18.95,1455,13.78,3826,13.79,1258
114,2020-11-23 10:59:29.054953-05:00,18.94,10328,18.95,5246,13.78,3826,13.79,1258
115,2020-11-23 10:59:39.074996-05:00,18.94,10242,18.95,5723,13.78,3464,13.79,1323
116,2020-11-23 10:59:49.092476-05:00,18.94,10333,18.95,5309,13.78,3331,13.79,1227
117,2020-11-23 10:59:59.108678-05:00,18.95,5281,18.96,11477,13.78,3488,13.79,698
118,2020-11-23 11:00:09.124243-05:00,18.95,3072,18.96,11660,13.78,3333,13.79,1152
119,2020-11-23 11:00:19.154816-05:00,18.95,7561,18.96,10111,13.79,2421,13.8,1424
120,2020-11-23 11:00:29.159748-05:00,18.95,7560,18.96,10234,13.79,2461,13.8,1353
121,2020-11-23 11:00:39.178100-05:00,18.95,7035,18.96,10201,13.79,1905,13.8,1599
122,2020-11-23 11:00:49.195044-05:00,18.95,7748,18.96,7267,13.79,2283,13.8,1330
123,2020-11-23 11:00:59.212100-05:00,18.95,7053,18.96,8845,13.79,2019,13.8,1416
124,2020-11-23 11:01:09.230058-05:00,18.95,3608,18.96,11369,13.79,256,13.8,2359
125,2020-11-23 11:01:19.246524-05:00,18.95,3135,18.96,11436,13.79,30,13.8,2670
126,2020-11-23 11:01:29.264726-05:00,18.95,2992,18.96,11304,13.78,3466,13.79,744
127,2020-11-23 11:01:39.281341-05:00,18.95,2437,18.96,11427,13.78,3344,13.79,949
128,2020-11-23 11:01:49.153352-05:00,18.95,2900,18.96,11424,13.78,3347,13.79,972
129,2020-11-23 11:01:59.171494-05:00,18.95,2900,18.96,11418,13.78,3357,13.79,961
130,2020-11-23 11:02:09.187963-05:00,18.95,4372,18.96,11256,13.79,1957,13.8,2361
131,2020-11-23 11:02:19.204961-05:00,18.95,1691,18.96,7174,13.79,1544,13.8,1024
132,2020-11-23 11:02:29.223318-05:00,18.95,3751,18.96,11454,13.79,1408,13.8,2191
133,2020-11-23 11:02:39.241025-05:00,18.95,3302,18.96,11639,13.79,153,13.8,2711
134,2020-11-23 11:02:48.256359-05:00,18.95,1487,18.96,12041,13.79,153,13.8,2711
135,2020-11-23 11:02:48.256359-05:00,18.95,1487,18.96,12041,13.78,2209,13.79,2285
136,2020-11-23 11:02:59.275849-05:00,18.94,9438,18.95,8696,13.78,2095,13.79,2741
137,2020-11-23 11:03:09.042377-05:00,18.94,9327,18.95,8577,13.78,1512,13.79,3259
138,2020-11-23 11:03:19.059858-05:00,18.94,10275,18.95,6011,13.78,2545,13.79,1475
139,2020-11-23 11:03:29.076597-05:00,18.95,5446,18.96,12647,13.78,2889,13.79,689
140,2020-11-23 11:03:39.093867-05:00,18.95,4374,18.96,12960,13.78,2617,13.79,1411
141,2020-11-23 11:03:49.121239-05:00,18.94,8585,18.95,13173,13.78,1282,13.79,2825
142,2020-11-23 11:03:59.129289-05:00,18.94,7992,18.95,13789,13.77,2959,13.78,438
143,2020-11-23 11:04:09.145986-05:00,18.94,5771,18.95,14539,13.77,2593,13.78,1305
144,2020-11-23 11:04:19.160693-05:00,18.94,2673,18.95,16129,13.77,1550,13.78,1658
145,2020-11-23 11:04:29.179046-05:00,18.94,6770,18.95,11319,13.77,2935,13.78,489
146,2020-11-23 11:04:39.196015-05:00,18.94,2435,18.95,16037,13.77,1538,13.78,2173
147,2020-11-23 11:04:49.212962-05:00,18.93,12215,18.94,7124,13.76,2808,13.77,871
148,2020-11-23 11:04:59.229463-05:00,18.93,12095,18.94,7165,13.76,2712,13.77,1031
149,2020-11-23 11:05:09.247938-05:00,18.93,11954,18.94,7455,13.76,2687,13.77,1286
150,2020-11-23 11:05:19.266652-05:00,18.93,11904,18.94,8517,13.76,2606,13.77,1305
151,2020-11-23 11:05:29.281640-05:00,18.93,12808,18.94,6603,13.76,3176,13.77,586
152,2020-11-23 11:05:39.048243-05:00,18.93,7411,18.94,3935,13.77,911,13.78,1936
153,2020-11-23 11:05:49.074726-05:00,18.93,11366,18.94,6960,13.77,525,13.78,2350
154,2020-11-23 11:05:59.082591-05:00,18.93,11276,18.94,6966,13.77,628,13.78,2466
155,2020-11-23 11:06:09.100055-05:00,18.93,11720,18.94,6912,13.77,1471,13.78,2207
156,2020-11-23 11:06:19.117067-05:00,18.93,11748,18.94,6413,13.77,1586,13.78,2222
157,2020-11-23 11:06:29.132906-05:00,18.93,11937,18.94,6401,13.77,1610,13.78,1891
158,2020-11-23 11:06:39.150744-05:00,18.93,11704,18.94,6952,13.77,1061,13.78,2303
159,2020-11-23 11:06:49.166374-05:00,18.93,11579,18.94,6958,13.77,1056,13.78,2293
160,2020-11-23 11:06:59.183815-05:00,18.93,11777,18.94,7012,13.77,1242,13.78,2339
161,2020-11-23 11:07:09.201313-05:00,18.93,11753,18.94,6540,13.77,1173,13.78,2220
162,2020-11-23 11:07:19.257986-05:00,18.93,11897,18.94,6948,13.77,1499,13.78,2149
163,2020-11-23 11:07:29.273175-05:00,18.93,11939,18.94,6446,13.77,1574,13.78,2088
164,2020-11-23 11:07:39.291018-05:00,18.94,3221,18.95,15835,13.77,1876,13.78,1507
165,2020-11-23 11:07:49.056714-05:00,18.94,2619,18.95,15880,13.77,1604,13.78,1875
166,2020-11-23 11:07:59.073595-05:00,18.94,1654,18.95,15889,13.77,1443,13.78,2229
167,2020-11-23 11:08:09.091420-05:00,18.93,7365,18.94,4371,13.77,889,13.78,1703
168,2020-11-23 11:08:19.107085-05:00,18.93,10641,18.94,8074,13.76,2606,13.77,1721
169,2020-11-23 11:08:25.118172-05:00,18.93,10641,18.94,8074,13.76,1937,13.77,1804
170,2020-11-23 11:08:29.125990-05:00,18.93,8336,18.94,11154,13.76,1937,13.77,1804
171,2020-11-23 11:08:39.102824-05:00,18.93,8766,18.94,11103,13.76,1962,13.77,1786
172,2020-11-23 11:08:49.107922-05:00,18.93,6321,18.94,11893,13.76,1330,13.77,2949
173,2020-11-23 11:08:59.227671-05:00,18.92,10356,18.93,3490,13.75,2812,13.76,1395
174,2020-11-23 11:09:09.244741-05:00,18.92,10533,18.93,5975,13.75,2685,13.76,1443
175,2020-11-23 11:09:19.260867-05:00,18.92,10852,18.93,2570,13.75,2799,13.76,666
176,2020-11-23 11:09:29.279058-05:00,18.92,5177,18.93,1427,13.75,2027,13.76,649
177,2020-11-23 11:09:39.046329-05:00,18.93,6036,18.94,13044,13.75,3041,13.76,575
178,2020-11-23 11:09:49.205893-05:00,18.92,8753,18.93,7587,13.75,2343,13.76,1377
179,2020-11-23 11:09:59.224746-05:00,18.92,9940,18.93,7500,13.75,2224,13.76,1406
180,2020-11-23 11:10:09.241971-05:00,18.92,9220,18.93,7040,13.75,1919,13.76,1534
181,2020-11-23 11:10:19.259834-05:00,18.92,9223,18.93,7059,13.75,1777,13.76,1523
182,2020-11-23 11:10:29.239076-05:00,18.92,9187,18.93,7094,13.75,1671,13.76,1984
183,2020-11-23 11:10:39.259645-05:00,18.92,9660,18.93,6994,13.75,2591,13.76,1278
184,2020-11-23 11:10:49.281096-05:00,18.92,9136,18.93,7043,13.75,1719,13.76,1652
185,2020-11-23 11:10:59.046917-05:00,18.92,7453,18.93,10615,13.75,1342,13.76,2164
186,2020-11-23 11:11:09.066498-05:00,18.92,8822,18.93,7698,13.75,1511,13.76,2052
187,2020-11-23 11:11:18.123213-05:00,18.92,8348,18.93,7740,13.75,1511,13.76,2052
188,2020-11-23 11:11:18.123213-05:00,18.92,8348,18.93,7740,13.75,1500,13.76,2052
189,2020-11-23 11:11:29.106567-05:00,18.92,9186,18.93,6813,13.75,1669,13.76,1603
190,2020-11-23 11:11:39.125200-05:00,18.92,9053,18.93,6799,13.75,1731,13.76,1434
191,2020-11-23 11:11:43.131891-05:00,18.92,9053,18.93,6799,13.75,1726,13.76,1434
192,2020-11-23 11:11:49.144115-05:00,18.92,9193,18.93,6837,13.75,1726,13.76,1434
193,2020-11-23 11:11:59.162769-05:00,18.92,9724,18.93,6731,13.75,2631,13.76,1192
194,2020-11-23 11:12:09.181447-05:00,18.92,9791,18.93,5287,13.75,2649,13.76,690
195,2020-11-23 11:12:19.200335-05:00,18.92,9746,18.93,5345,13.75,2649,13.76,737
196,2020-11-23 11:12:28.216205-05:00,18.92,9667,18.93,5637,13.75,2649,13.76,737
197,2020-11-23 11:12:28.216205-05:00,18.92,9667,18.93,5637,13.75,2650,13.76,1212
198,2020-11-23 11:12:39.239030-05:00,18.92,9718,18.93,5509,13.75,2671,13.76,924
199,2020-11-23 11:12:49.257264-05:00,18.92,8896,18.93,6586,13.75,1622,13.76,2010
200,2020-11-23 11:12:59.276792-05:00,18.92,9377,18.93,5882,13.75,1655,13.76,1566
201,2020-11-23 11:13:09.294830-05:00,18.92,9709,18.93,5772,13.75,2352,13.76,1331
202,2020-11-23 11:13:19.063350-05:00,18.92,9663,18.93,5879,13.75,2335,13.76,1310
203,2020-11-23 11:13:29.082688-05:00,18.92,9694,18.93,5882,13.75,2097,13.76,1317
204,2020-11-23 11:13:39.102597-05:00,18.92,9284,18.93,5914,13.75,1665,13.76,1403
205,2020-11-23 11:13:49.124500-05:00,18.92,9812,18.93,5681,13.75,2482,13.76,820
206,2020-11-23 11:13:59.139384-05:00,18.92,9661,18.93,5881,13.75,2396,13.76,1322
207,2020-11-23 11:14:09.157881-05:00,18.92,9694,18.93,3837,13.75,2462,13.76,628
208,2020-11-23 11:14:19.176760-05:00,18.92,9709,18.93,5464,13.75,2463,13.76,809
209,2020-11-23 11:14:29.207055-05:00,18.92,9700,18.93,5396,13.75,2463,13.76,766
210,2020-11-23 11:14:29.207055-05:00,18.92,9700,18.93,5396,13.75,2769,13.76,597
211,2020-11-23 11:14:39.216280-05:00,18.92,10253,18.93,1842,13.75,2769,13.76,597
212,2020-11-23 11:14:49.234944-05:00,18.92,10517,18.93,1673,13.75,2798,13.76,521
213,2020-11-23 11:14:59.255612-05:00,18.93,6722,18.94,11874,13.76,2871,13.77,1980
214,2020-11-23 11:15:09.271874-05:00,18.93,6434,18.94,8169,13.76,2510,13.77,997
215,2020-11-23 11:15:19.040758-05:00,18.93,5022,18.94,11631,13.76,2130,13.77,1486
216,2020-11-23 11:15:29.059414-05:00,18.93,6231,18.94,10039,13.76,2465,13.77,1137
217,2020-11-23 11:15:39.078327-05:00,18.93,4550,18.94,4090,13.77,1466,13.78,1608
218,2020-11-23 11:15:49.096940-05:00,18.93,8972,18.94,4425,13.77,1423,13.78,2312
219,2020-11-23 11:15:59.116671-05:00,18.93,8424,18.94,5871,13.76,2559,13.77,1520
220,2020-11-23 11:16:09.134793-05:00,18.92,9705,18.93,7380,13.75,1922,13.76,1804
221,2020-11-23 11:16:19.153870-05:00,18.92,9858,18.93,6965,13.75,1855,13.76,1876
222,2020-11-23 11:16:29.172962-05:00,18.92,10384,18.93,6898,13.75,2372,13.76,1714
223,2020-11-23 11:16:39.190311-05:00,18.92,10587,18.93,4771,13.75,2714,13.76,811
224,2020-11-23 11:16:49.209574-05:00,18.93,7327,18.94,11164,13.76,2368,13.77,2432
225,2020-11-23 11:16:59.228908-05:00,18.93,6226,18.94,11139,13.76,2283,13.77,2160
226,2020-11-23 11:17:09.246923-05:00,18.93,6542,18.94,9618,13.76,2410,13.77,1731
227,2020-11-23 11:17:19.265022-05:00,18.93,6253,18.94,11159,13.76,2175,13.77,1988
228,2020-11-23 11:17:29.282986-05:00,18.93,6799,18.94,10153,13.76,2606,13.77,1759
229,2020-11-23 11:17:39.052724-05:00,18.93,7504,18.94,10160,13.76,2693,13.77,1758
230,2020-11-23 11:17:49.069512-05:00,18.93,10070,18.94,6603,13.76,3328,13.77,550
231,2020-11-23 11:17:59.087639-05:00,18.93,10251,18.94,4335,13.77,2207,13.78,2260
232,2020-11-23 11:18:09.106810-05:00,18.94,10521,18.95,8951,13.78,3322,13.79,1189
233,2020-11-23 11:18:19.123488-05:00,18.95,1251,18.96,13169,13.78,3183,13.79,1228
234,2020-11-23 11:18:29.141338-05:00,18.94,12114,18.95,1191,13.78,3165,13.79,496
235,2020-11-23 11:18:39.158960-05:00,18.94,11714,18.95,1656,13.78,3141,13.79,471
236,2020-11-23 11:18:49.176644-05:00,18.94,11156,18.95,4461,13.78,2860,13.79,1153
237,2020-11-23 11:18:59.194183-05:00,18.94,11098,18.95,4787,13.78,2720,13.79,1184
238,2020-11-23 11:19:09.212769-05:00,18.95,6723,18.96,11802,13.79,2232,13.8,2190
239,2020-11-23 11:19:14.221101-05:00,18.95,6723,18.96,11802,13.79,1674,13.8,2114
240,2020-11-23 11:19:19.230269-05:00,18.95,4791,18.96,12191,13.79,1674,13.8,2114
241,2020-11-23 11:19:29.249185-05:00,18.95,4638,18.96,12104,13.79,1590,13.8,2027
242,2020-11-23 11:19:39.266804-05:00,18.94,10935,18.95,6793,13.78,2811,13.79,2285
243,2020-11-23 11:19:49.284746-05:00,18.94,7727,18.95,10254,13.78,1684,13.79,3363
244,2020-11-23 11:19:59.051305-05:00,18.94,7096,18.95,11031,13.78,963,13.79,3364
245,2020-11-23 11:20:09.071021-05:00,18.94,3142,18.95,11787,13.77,2365,13.78,2016
246,2020-11-23 11:20:19.088483-05:00,18.94,4832,18.95,11288,13.77,3045,13.78,1379
247,2020-11-23 11:20:29.106723-05:00,18.94,9058,18.95,6521,13.78,2420,13.79,2228
248,2020-11-23 11:20:39.125038-05:00,18.94,9192,18.95,6065,13.78,2235,13.79,2053
249,2020-11-23 11:20:49.144155-05:00,18.94,9309,18.95,5194,13.78,2940,13.79,1491
250,2020-11-23 11:20:59.163476-05:00,18.95,1295,18.96,12608,13.78,2701,13.79,1421
251,2020-11-23 11:21:09.180372-05:00,18.94,9579,18.95,7312,13.78,2298,13.79,1490
252,2020-11-23 11:21:19.198296-05:00,18.94,9150,18.95,7322,13.78,2150,13.79,1870
253,2020-11-23 11:21:29.215553-05:00,18.94,9150,18.95,7332,13.78,2159,13.79,2149
254,2020-11-23 11:21:39.234196-05:00,18.94,9145,18.95,7354,13.78,2166,13.79,2141
255,2020-11-23 11:21:49.251393-05:00,18.95,8174,18.96,11297,13.79,2071,13.8,1365
256,2020-11-23 11:21:59.270150-05:00,18.95,6606,18.96,12494,13.79,1525,13.8,1924
257,2020-11-23 11:22:09.288273-05:00,18.95,1072,18.96,12715,13.78,2668,13.79,1735
258,2020-11-23 11:22:19.055100-05:00,18.94,6341,18.95,11710,13.78,719,13.79,2885
259,2020-11-23 11:22:29.073996-05:00,18.94,9879,18.95,6827,13.78,1946,13.79,1865
260,2020-11-23 11:22:39.103545-05:00,18.94,10283,18.95,4075,13.78,2721,13.79,936
261,2020-11-23 11:22:49.109754-05:00,18.94,10225,18.95,4894,13.78,2712,13.79,1385
262,2020-11-23 11:22:59.127861-05:00,18.94,10287,18.95,4520,13.78,2876,13.79,1271
263,2020-11-23 11:23:09.147331-05:00,18.94,10514,18.95,3109,13.78,2705,13.79,687
264,2020-11-23 11:23:19.165115-05:00,18.95,6041,18.96,12607,13.79,2842,13.8,1634
265,2020-11-23 11:23:29.183588-05:00,18.95,8915,18.96,7536,13.79,3400,13.8,648
266,2020-11-23 11:23:39.201334-05:00,18.95,5782,18.96,12463,13.79,2322,13.8,2016
267,2020-11-23 11:23:49.220768-05:00,18.95,1302,18.96,12833,13.78,2711,13.79,1450
268,2020-11-23 11:23:59.237395-05:00,18.94,10541,18.95,2086,13.78,2990,13.79,464
269,2020-11-23 11:24:09.235557-05:00,18.95,8737,18.96,12835,13.79,2021,13.8,2285
270,2020-11-23 11:24:19.253333-05:00,18.95,7783,18.96,12769,13.79,1815,13.8,2224
271,2020-11-23 11:24:29.270851-05:00,18.96,6924,18.97,11250,13.8,3481,13.81,624
272,2020-11-23 11:24:39.288510-05:00,18.97,4851,18.98,13228,13.82,640,13.83,2407
273,2020-11-23 11:24:49.054246-05:00,18.97,5799,18.98,10460,13.82,2884,13.83,1572
274,2020-11-23 11:24:59.071735-05:00,18.97,8813,18.98,6260,13.82,3633,13.83,335
275,2020-11-23 11:25:09.089795-05:00,18.98,3805,18.99,10306,13.83,1799,13.84,1262
276,2020-11-23 11:25:19.107863-05:00,18.98,8962,18.99,5227,13.84,3141,13.85,1362
277,2020-11-23 11:25:29.243981-05:00,18.99,9592,19.0,4977,13.86,1087,13.87,2223
278,2020-11-23 11:25:39.261245-05:00,19.0,3660,19.01,11904,13.86,1684,13.87,1467
279,2020-11-23 11:25:49.278608-05:00,19.0,4086,19.01,11272,13.86,2014,13.87,1340
280,2020-11-23 11:25:59.296763-05:00,19.0,8087,19.01,7222,13.87,1577,13.88,2317
281,2020-11-23 11:26:09.064670-05:00,19.01,2494,19.02,12209,13.87,2295,13.88,1239
282,2020-11-23 11:26:19.083196-05:00,19.0,9503,19.01,7849,13.87,912,13.88,2440
283,2020-11-23 11:26:29.100845-05:00,19.0,10003,19.01,7054,13.87,1453,13.88,1925
284,2020-11-23 11:26:39.117257-05:00,19.0,7096,19.01,9979,13.87,642,13.88,2329
285,2020-11-23 11:26:49.134692-05:00,19.0,4194,19.01,4282,13.87,2284,13.88,1589
286,2020-11-23 11:26:59.152401-05:00,19.0,4588,19.01,9917,13.86,2131,13.87,2138
287,2020-11-23 11:27:09.169981-05:00,19.0,3887,19.01,10261,13.86,1668,13.87,1936
288,2020-11-23 11:27:19.187763-05:00,19.0,3667,19.01,10222,13.86,1614,13.87,2022
289,2020-11-23 11:27:29.206445-05:00,19.0,3517,19.01,10250,13.86,1672,13.87,2391
290,2020-11-23 11:27:39.223268-05:00,19.0,8705,19.01,3586,13.87,3070,13.88,1509
291,2020-11-23 11:27:49.243263-05:00,19.0,10178,19.01,1871,13.87,2589,13.88,1311
292,2020-11-23 11:27:59.220521-05:00,19.01,3801,19.02,11057,13.87,2719,13.88,1135
293,2020-11-23 11:28:09.237845-05:00,19.01,1358,19.02,11394,13.87,2141,13.88,1846
294,2020-11-23 11:28:19.254803-05:00,19.0,9340,19.01,7316,13.87,1698,13.88,2126
295,2020-11-23 11:28:29.271694-05:00,19.0,9727,19.01,7026,13.87,2220,13.88,1702
296,2020-11-23 11:28:39.289218-05:00,19.01,3626,19.02,12405,13.88,6,13.89,3281
297,2020-11-23 11:28:49.265134-05:00,19.01,2292,19.02,12532,13.87,1874,13.88,2267
298,2020-11-23 11:28:58.128432-05:00,19.01,4220,19.02,11578,13.87,1874,13.88,2267
299,2020-11-23 11:28:58.128432-05:00,19.01,4220,19.02,11578,13.87,2773,13.88,952
300,2020-11-23 11:29:09.255448-05:00,19.01,4093,19.02,11683,13.88,222,13.89,2935
301,2020-11-23 11:29:19.196091-05:00,19.01,8813,19.02,4090,13.88,2634,13.89,533
302,2020-11-23 11:29:29.212831-05:00,19.02,2423,19.03,10673,13.89,1532,13.9,2104
303,2020-11-23 11:29:39.229784-05:00,19.02,2497,19.03,10810,13.89,1803,13.9,2094
304,2020-11-23 11:29:49.206226-05:00,19.02,4096,19.03,10433,13.89,2041,13.9,1465
305,2020-11-23 11:29:59.223225-05:00,19.02,7394,19.03,6024,13.89,2839,13.9,512
306,2020-11-23 11:30:09.202875-05:00,19.02,7723,19.03,5442,13.9,1824,13.91,2470
307,2020-11-23 11:30:19.221214-05:00,19.02,3219,19.03,9559,13.89,1820,13.9,1419
308,2020-11-23 11:30:29.238186-05:00,19.02,5425,19.03,9161,13.89,2549,13.9,1391
309,2020-11-23 11:30:39.255403-05:00,19.02,7959,19.03,5160,13.9,1799,13.91,2426
310,2020-11-23 11:30:49.056791-05:00,19.02,4220,19.03,8720,13.89,2062,13.9,1531
311,2020-11-23 11:30:59.115278-05:00,19.02,3442,19.03,10140,13.89,1847,13.9,1892
312,2020-11-23 11:31:09.055395-05:00,19.02,4427,19.03,9364,13.89,2290,13.9,1611
313,2020-11-23 11:31:19.075009-05:00,19.02,5390,19.03,9172,13.89,2606,13.9,1522
314,2020-11-23 11:31:29.092335-05:00,19.02,3486,19.03,10137,13.89,1891,13.9,1733
315,2020-11-23 11:31:39.110569-05:00,19.02,2491,19.03,10268,13.89,1671,13.9,2281
316,2020-11-23 11:31:49.128165-05:00,19.02,3362,19.03,10189,13.89,1696,13.9,2041
317,2020-11-23 11:31:59.146283-05:00,19.02,2463,19.03,10349,13.89,1590,13.9,2679
318,2020-11-23 11:32:09.163313-05:00,19.02,881,19.03,10503,13.88,2458,13.89,1134
319,2020-11-23 11:32:19.180043-05:00,19.01,6033,19.02,10503,13.88,1407,13.89,2193
320,2020-11-23 11:32:29.196641-05:00,19.01,3046,19.02,12430,13.87,1823,13.88,1675
321,2020-11-23 11:32:39.213129-05:00,19.0,9084,19.01,8425,13.87,378,13.88,2625
322,2020-11-23 11:32:49.228391-05:00,19.0,6568,19.01,11097,13.86,2414,13.87,1363
323,2020-11-23 11:32:59.244823-05:00,19.0,6774,19.01,10529,13.86,2434,13.87,1153
324,2020-11-23 11:33:09.260765-05:00,19.0,10112,19.01,6720,13.87,2161,13.88,1941
325,2020-11-23 11:33:19.273929-05:00,19.0,10249,19.01,3554,13.87,2606,13.88,1631
326,2020-11-23 11:33:28.167387-05:00,19.0,10036,19.01,5367,13.87,2606,13.88,1631
327,2020-11-23 11:33:28.167387-05:00,19.0,10036,19.01,5367,13.87,2159,13.88,2315
328,2020-11-23 11:33:39.186587-05:00,19.0,10209,19.01,5362,13.87,2038,13.88,1742
329,2020-11-23 11:33:49.201871-05:00,19.0,9674,19.01,5367,13.87,1569,13.88,2466
330,2020-11-23 11:33:59.217816-05:00,19.01,9710,19.02,9504,13.87,3816,13.88,190
331,2020-11-23 11:34:09.279177-05:00,19.01,12674,19.02,4384,13.88,3520,13.89,1022
332,2020-11-23 11:34:19.291941-05:00,19.02,347,19.03,12391,13.88,3350,13.89,1328
333,2020-11-23 11:34:29.273628-05:00,19.02,2463,19.03,11357,13.88,3589,13.89,414
334,2020-11-23 11:34:39.292559-05:00,19.01,9504,19.02,11031,13.88,1984,13.89,2017
335,2020-11-23 11:34:49.139263-05:00,19.01,8017,19.02,11950,13.88,884,13.89,2152
336,2020-11-23 11:34:57.151523-05:00,19.01,8536,19.02,11933,13.88,884,13.89,2152
337,2020-11-23 11:34:59.153769-05:00,19.01,8536,19.02,11933,13.88,859,13.89,2129
338,2020-11-23 11:35:09.170262-05:00,19.01,8579,19.02,11941,13.88,928,13.89,2168
339,2020-11-23 11:35:19.185500-05:00,19.01,7939,19.02,12009,13.88,495,13.89,2465
340,2020-11-23 11:35:29.052532-05:00,19.01,5639,19.02,12569,13.87,2947,13.88,1734
341,2020-11-23 11:35:39.070001-05:00,19.01,10434,19.02,7238,13.88,3175,13.89,1382
342,2020-11-23 11:35:49.092788-05:00,19.01,9781,19.02,7539,13.88,2497,13.89,1493
343,2020-11-23 11:35:59.107103-05:00,19.01,8766,19.02,8964,13.88,2356,13.89,1624
344,2020-11-23 11:36:09.123221-05:00,19.01,7503,19.02,11013,13.88,1988,13.89,2083
345,2020-11-23 11:36:19.139243-05:00,19.01,8879,19.02,8086,13.88,2316,13.89,1506
346,2020-11-23 11:36:29.153810-05:00,19.01,9703,19.02,7389,13.88,2859,13.89,1397
347,2020-11-23 11:36:39.168065-05:00,19.01,6998,19.02,12022,13.88,1938,13.89,2270
348,2020-11-23 11:36:49.183349-05:00,19.01,4078,19.02,12652,13.87,3020,13.88,2212
349,2020-11-23 11:36:59.197822-05:00,19.01,3911,19.02,12686,13.87,2539,13.88,2327
350,2020-11-23 11:37:08.211072-05:00,19.01,3911,19.02,12686,13.87,1836,13.88,2411
351,2020-11-23 11:37:09.214620-05:00,19.0,7714,19.01,7505,13.87,1836,13.88,2411
352,2020-11-23 11:37:19.230508-05:00,19.0,10088,19.01,7065,13.87,1673,13.88,2597
353,2020-11-23 11:37:29.244611-05:00,19.0,6752,19.01,11624,13.86,2284,13.87,1658
354,2020-11-23 11:37:39.260955-05:00,19.0,3936,19.01,12318,13.86,1643,13.87,2265
355,2020-11-23 11:37:49.277603-05:00,19.0,4366,19.01,12296,13.86,1829,13.87,1937
356,2020-11-23 11:37:59.293442-05:00,19.0,8216,19.01,7801,13.86,2647,13.87,258
357,2020-11-23 11:38:09.058683-05:00,19.0,9538,19.01,4276,13.87,2490,13.88,2008
358,2020-11-23 11:38:19.072029-05:00,19.01,5522,19.02,13248,13.87,3186,13.88,1155
359,2020-11-23 11:38:29.086567-05:00,19.0,8072,19.01,11669,13.87,728,13.88,2578
360,2020-11-23 11:38:39.101149-05:00,19.0,10195,19.01,7715,13.87,1807,13.88,2390
361,2020-11-23 11:38:49.116792-05:00,19.0,10608,19.01,1264,13.87,2626,13.88,1467
362,2020-11-23 11:38:59.155181-05:00,19.01,4161,19.02,12360,13.87,3136,13.88,2027
363,2020-11-23 11:39:09.173034-05:00,19.01,2719,19.02,12410,13.87,2204,13.88,1734
364,2020-11-23 11:39:19.190270-05:00,19.0,9843,19.01,5903,13.87,1748,13.88,2406
365,2020-11-23 11:39:29.207333-05:00,19.0,10672,19.01,5622,13.87,1698,13.88,1801
366,2020-11-23 11:39:39.222010-05:00,19.01,6269,19.02,11391,13.87,2765,13.88,551
367,2020-11-23 11:39:49.242150-05:00,19.01,2741,19.02,11975,13.87,2248,13.88,1484
368,2020-11-23 11:39:59.250329-05:00,19.01,4218,19.02,11692,13.87,2643,13.88,1099
369,2020-11-23 11:40:09.266666-05:00,19.01,3239,19.02,11976,13.87,2383,13.88,1796
370,2020-11-23 11:40:19.281005-05:00,19.0,7596,19.01,9226,13.87,345,13.88,2973
371,2020-11-23 11:40:29.045276-05:00,19.0,10187,19.01,6079,13.87,2428,13.88,2296
372,2020-11-23 11:40:39.060673-05:00,19.0,9977,19.01,6180,13.87,2354,13.88,2719
373,2020-11-23 11:40:49.075197-05:00,19.01,3671,19.02,12659,13.87,3181,13.88,1705
374,2020-11-23 11:40:59.091602-05:00,19.01,900,19.02,13502,13.87,2185,13.88,2469
375,2020-11-23 11:41:09.106596-05:00,19.01,4200,19.02,11670,13.87,3139,13.88,1370
376,2020-11-23 11:41:19.122799-05:00,19.01,5331,19.02,11084,13.88,1948,13.89,2159
377,2020-11-23 11:41:29.139494-05:00,19.01,2468,19.02,11925,13.87,2308,13.88,2411
378,2020-11-23 11:41:39.154947-05:00,19.01,2936,19.02,12025,13.87,2770,13.88,1588
379,2020-11-23 11:41:49.169614-05:00,19.01,3746,19.02,11724,13.87,3135,13.88,1364
380,2020-11-23 11:41:59.187786-05:00,19.01,2936,19.02,11960,13.87,2786,13.88,1510
381,2020-11-23 11:42:09.201262-05:00,19.01,3918,19.02,11739,13.87,3145,13.88,1070
382,2020-11-23 11:42:19.236043-05:00,19.01,3716,19.02,11717,13.87,3130,13.88,1134
383,2020-11-23 11:42:29.231711-05:00,19.01,2924,19.02,12047,13.87,2691,13.88,1478
384,2020-11-23 11:42:39.248922-05:00,19.01,2456,19.02,12035,13.87,2329,13.88,1562
385,2020-11-23 11:42:49.265539-05:00,19.0,9742,19.01,6713,13.87,2278,13.88,1946
386,2020-11-23 11:42:59.280370-05:00,19.0,9030,19.01,5415,13.87,1779,13.88,2230
387,2020-11-23 11:43:09.046306-05:00,19.0,9425,19.01,5241,13.87,2268,13.88,2102
388,2020-11-23 11:43:19.062033-05:00,19.0,9425,19.01,5242,13.87,2212,13.88,2432
389,2020-11-23 11:43:29.076269-05:00,19.0,9047,19.01,5383,13.87,1699,13.88,2434
390,2020-11-23 11:43:39.093207-05:00,19.0,9522,19.01,5170,13.87,1963,13.88,2431
391,2020-11-23 11:43:49.107704-05:00,19.0,9372,19.01,5039,13.87,1961,13.88,2228
392,2020-11-23 11:43:59.125049-05:00,19.01,3479,19.02,12108,13.87,2884,13.88,1223
393,2020-11-23 11:44:09.152817-05:00,19.01,1788,19.02,11732,13.87,2097,13.88,1527
394,2020-11-23 11:44:19.168580-05:00,19.0,11501,19.01,976,13.87,2934,13.88,1173
395,2020-11-23 11:44:29.100423-05:00,19.01,7553,19.02,10229,13.88,2347,13.89,2118
396,2020-11-23 11:44:39.115915-05:00,19.01,7607,19.02,10148,13.88,2270,13.89,2074
397,2020-11-23 11:44:49.133642-05:00,19.01,5168,19.02,11179,13.87,3055,13.88,481
398,2020-11-23 11:44:59.150318-05:00,19.01,3749,19.02,11570,13.87,2833,13.88,1395
399,2020-11-23 11:45:09.166545-05:00,19.01,4524,19.02,11084,13.88,801,13.89,2360
400,2020-11-23 11:45:19.182260-05:00,19.0,9550,19.01,4791,13.87,2069,13.88,2175
401,2020-11-23 11:45:29.198095-05:00,19.0,7049,19.01,9845,13.86,2663,13.87,1978
402,2020-11-23 11:45:39.214830-05:00,19.0,10447,19.01,5465,13.87,2636,13.88,1903
403,2020-11-23 11:45:49.229867-05:00,19.0,10370,19.01,6257,13.87,1850,13.88,2475
404,2020-11-23 11:45:59.248780-05:00,19.0,10390,19.01,6202,13.87,1866,13.88,2077
405,2020-11-23 11:46:09.264895-05:00,19.01,7448,19.02,10167,13.88,1913,13.89,1987
406,2020-11-23 11:46:19.280034-05:00,19.01,5328,19.02,11181,13.88,25,13.89,2389
407,2020-11-23 11:46:29.045943-05:00,19.01,4155,19.02,11199,13.87,3066,13.88,506
408,2020-11-23 11:46:39.062371-05:00,19.01,3254,19.02,3031,13.88,1626,13.89,869
409,2020-11-23 11:46:49.079354-05:00,19.01,7861,19.02,4558,13.88,2248,13.89,939
410,2020-11-23 11:46:59.095646-05:00,19.01,8341,19.02,4826,13.88,2470,13.89,1177
411,2020-11-23 11:47:09.111609-05:00,19.01,8797,19.02,4638,13.88,2797,13.89,834
412,2020-11-23 11:47:19.127636-05:00,19.02,8820,19.03,7897,13.89,3690,13.9,728
413,2020-11-23 11:47:29.145067-05:00,19.02,9244,19.03,6309,13.89,3216,13.9,418
414,2020-11-23 11:47:39.177756-05:00,19.02,9417,19.03,6252,13.9,1612,13.91,2366
415,2020-11-23 11:47:49.175289-05:00,19.02,9560,19.03,5990,13.9,2159,13.91,2009
416,2020-11-23 11:47:59.191449-05:00,19.02,9091,19.03,6306,13.9,962,13.91,2397
417,2020-11-23 11:48:09.208347-05:00,19.02,9399,19.03,6190,13.9,1407,13.91,2342
418,2020-11-23 11:48:19.097147-05:00,19.03,6633,19.04,9414,13.91,1557,13.92,2408
419,2020-11-23 11:48:29.113094-05:00,19.05,5005,19.06,10054,13.93,2753,13.94,1307
420,2020-11-23 11:48:39.060184-05:00,19.04,12296,19.05,5287,13.93,1830,13.94,1519
421,2020-11-23 11:48:49.199524-05:00,19.04,6955,19.05,8469,13.92,2352,13.93,3009
422,2020-11-23 11:48:59.215247-05:00,19.04,6423,19.05,8324,13.92,1884,13.93,2690
423,2020-11-23 11:49:09.256735-05:00,19.04,6440,19.05,8293,13.92,1893,13.93,2509
424,2020-11-23 11:49:19.252291-05:00,19.04,6967,19.05,7982,13.92,1932,13.93,2268
425,2020-11-23 11:49:29.269734-05:00,19.04,6519,19.05,8315,13.92,1868,13.93,2785
426,2020-11-23 11:49:39.288285-05:00,19.04,6500,19.05,8122,13.92,1896,13.93,2214
427,2020-11-23 11:49:49.057666-05:00,19.04,6991,19.05,7953,13.92,2162,13.93,2167
428,2020-11-23 11:49:59.071748-05:00,19.04,10328,19.05,4406,13.92,2969,13.93,574
429,2020-11-23 11:50:09.096471-05:00,19.04,3398,19.05,8539,13.91,2544,13.92,1262
430,2020-11-23 11:50:19.106533-05:00,19.04,1050,19.05,8915,13.91,2251,13.92,2517
431,2020-11-23 11:50:29.124278-05:00,19.03,7030,19.04,11249,13.91,10,13.92,3823
432,2020-11-23 11:50:39.142022-05:00,19.03,6938,19.04,11412,13.9,2314,13.91,1451
433,2020-11-23 11:50:49.148621-05:00,19.03,8435,19.04,9435,13.91,1695,13.92,3374
434,2020-11-23 11:50:59.166710-05:00,19.03,9434,19.04,6854,13.91,1746,13.92,2421
435,2020-11-23 11:51:09.138865-05:00,19.02,12143,19.03,5315,13.9,1234,13.91,3153
436,2020-11-23 11:51:19.156283-05:00,19.02,12143,19.03,3173,13.9,1355,13.91,2590
437,2020-11-23 11:51:29.175472-05:00,19.02,2201,19.03,8725,13.89,504,13.9,4372
438,2020-11-23 11:51:39.195024-05:00,19.01,9377,19.02,5859,13.88,1792,13.89,1940
439,2020-11-23 11:51:49.213171-05:00,19.02,3035,19.03,10841,13.88,2392,13.89,999
440,2020-11-23 11:51:59.235050-05:00,19.01,6468,19.02,9446,13.88,1177,13.89,2596
441,2020-11-23 11:52:09.253491-05:00,19.01,1902,19.02,11768,13.87,1346,13.88,2572
442,2020-11-23 11:52:19.272442-05:00,19.0,10399,19.01,3565,13.87,1394,13.88,2161
443,2020-11-23 11:52:29.037974-05:00,19.01,4346,19.02,11738,13.87,1391,13.88,2121
444,2020-11-23 11:52:39.056206-05:00,19.0,9104,19.01,7769,13.87,52,13.88,2785
445,2020-11-23 11:52:49.074560-05:00,19.0,9999,19.01,6689,13.87,1395,13.88,2699
446,2020-11-23 11:52:59.092434-05:00,19.01,5689,19.02,11485,13.87,2600,13.88,1127
447,2020-11-23 11:53:09.109265-05:00,19.02,4198,19.03,10596,13.89,1396,13.9,3819
448,2020-11-23 11:53:19.125641-05:00,19.02,3854,19.03,10344,13.89,1244,13.9,3426
449,2020-11-23 11:53:29.142489-05:00,19.02,2172,19.03,10763,13.88,2432,13.89,1551
450,2020-11-23 11:53:39.242813-05:00,19.02,3673,19.03,10510,13.89,2100,13.9,3800
451,2020-11-23 11:53:49.121913-05:00,19.02,1468,19.03,9891,13.88,2323,13.89,1131
452,2020-11-23 11:53:59.142368-05:00,19.01,9755,19.02,6469,13.88,1501,13.89,2160
453,2020-11-23 11:54:09.158034-05:00,19.01,10498,19.02,5762,13.88,2353,13.89,1311
454,2020-11-23 11:54:19.135709-05:00,19.01,9748,19.02,5328,13.88,1480,13.89,1930
455,2020-11-23 11:54:29.150804-05:00,19.02,5640,19.03,9868,13.89,1705,13.9,3818
456,2020-11-23 11:54:39.166076-05:00,19.02,5145,19.03,10441,13.89,1493,13.9,3855
457,2020-11-23 11:54:49.182410-05:00,19.02,5549,19.03,10400,13.89,1529,13.9,3418
458,2020-11-23 11:54:59.198095-05:00,19.02,6545,19.03,9499,13.89,2235,13.9,3164
459,2020-11-23 11:55:09.213095-05:00,19.02,8051,19.03,8338,13.89,2312,13.9,1714
460,2020-11-23 11:55:19.230448-05:00,19.02,9752,19.03,5204,13.9,2276,13.91,2460
461,2020-11-23 11:55:29.246683-05:00,19.03,8637,19.04,8566,13.91,1531,13.92,2832
462,2020-11-23 11:55:39.229942-05:00,19.03,5561,19.04,11597,13.9,3620,13.91,1487
463,2020-11-23 11:55:49.246310-05:00,19.03,5354,19.04,11588,13.9,3844,13.91,893
464,2020-11-23 11:55:59.263421-05:00,19.03,5843,19.04,11566,13.91,499,13.92,3232
465,2020-11-23 11:56:09.280110-05:00,19.03,5079,19.04,11567,13.9,3386,13.91,975
466,2020-11-23 11:56:19.043769-05:00,19.03,6181,19.04,9210,13.9,3535,13.91,19
467,2020-11-23 11:56:29.061884-05:00,19.03,4563,19.04,11545,13.9,3316,13.91,1761
468,2020-11-23 11:56:39.239783-05:00,19.03,3244,19.04,11679,13.9,2960,13.91,1539
469,2020-11-23 11:56:49.117463-05:00,19.03,4560,19.04,11513,13.9,3263,13.91,982
470,2020-11-23 11:56:59.133865-05:00,19.03,3322,19.04,11912,13.9,2536,13.91,1715
471,2020-11-23 11:57:09.151012-05:00,19.03,4354,19.04,12100,13.9,1600,13.91,1700
472,2020-11-23 11:57:19.168443-05:00,19.02,10708,19.03,7508,13.89,2523,13.9,1121
473,2020-11-23 11:57:29.260151-05:00,19.02,11560,19.03,5933,13.9,2002,13.91,2164
474,2020-11-23 11:57:39.081759-05:00,19.03,3446,19.04,12244,13.9,2198,13.91,1803
475,2020-11-23 11:57:49.098556-05:00,19.02,10669,19.03,7160,13.89,2525,13.9,1701
476,2020-11-23 11:57:59.114103-05:00,19.02,7463,19.03,9952,13.89,1470,13.9,2453
477,2020-11-23 11:58:09.131035-05:00,19.02,5717,19.03,10342,13.89,1230,13.9,2028
478,2020-11-23 11:58:19.147387-05:00,19.02,5348,19.03,10528,13.89,1110,13.9,2530
479,2020-11-23 11:58:29.163588-05:00,19.02,3791,19.03,10668,13.89,643,13.9,2639
480,2020-11-23 11:58:39.180740-05:00,19.01,9723,19.02,4288,13.88,2475,13.89,1772
481,2020-11-23 11:58:49.197456-05:00,19.01,9407,19.02,4351,13.88,2396,13.89,1754
482,2020-11-23 11:58:59.084959-05:00,19.02,5081,19.03,10876,13.89,1963,13.9,2653
483,2020-11-23 11:59:09.101352-05:00,19.02,6652,19.03,264,13.9,1362,13.91,1349
484,2020-11-23 11:59:19.117244-05:00,19.03,2498,19.04,11076,13.9,1510,13.91,1891
485,2020-11-23 11:59:29.179508-05:00,19.03,5186,19.04,9849,13.9,2448,13.91,666
486,2020-11-23 11:59:39.149771-05:00,19.03,4600,19.04,10574,13.9,2501,13.91,959
487,2020-11-23 11:59:49.166247-05:00,19.03,5112,19.04,10311,13.9,2476,13.91,930
488,2020-11-23 11:59:59.181839-05:00,19.03,3643,19.04,10711,13.9,1857,13.91,1850
489,2020-11-23 12:00:09.199019-05:00,19.03,4908,19.04,10749,13.9,2404,13.91,1173
490,2020-11-23 12:00:19.214007-05:00,19.03,3919,19.04,11235,13.9,1854,13.91,1817
491,2020-11-23 12:00:29.231170-05:00,19.02,10452,19.03,8198,13.9,560,13.91,2730
492,2020-11-23 12:00:39.247248-05:00,19.02,7583,19.03,11734,13.89,2199,13.9,2010
493,2020-11-23 12:00:39.247248-05:00,19.02,7583,19.03,11734,13.89,2163,13.9,2101
494,2020-11-23 12:00:49.065186-05:00,19.02,7648,19.03,11268,13.89,2163,13.9,2101
495,2020-11-23 12:00:59.080673-05:00,19.02,3112,19.03,11915,13.89,283,13.9,2952
496,2020-11-23 12:01:09.097966-05:00,19.02,4776,19.03,11723,13.89,1296,13.9,2745
497,2020-11-23 12:01:19.114669-05:00,19.02,9331,19.03,7861,13.89,2703,13.9,660
498,2020-11-23 12:01:29.130812-05:00,19.02,9726,19.03,3852,13.9,1841,13.91,2671
499,2020-11-23 12:01:39.146963-05:00,19.02,7378,19.03,6505,13.89,1996,13.9,1870
500,2020-11-23 12:01:49.164328-05:00,19.02,6227,19.03,8178,13.89,1510,13.9,2152
501,2020-11-23 12:01:59.179800-05:00,19.02,8594,19.03,5292,13.89,2258,13.9,1175
502,2020-11-23 12:02:09.195395-05:00,19.02,8828,19.03,4495,13.89,2271,13.9,809
503,2020-11-23 12:02:19.211618-05:00,19.02,7276,19.03,5316,13.89,2175,13.9,1228
504,2020-11-23 12:02:29.227998-05:00,19.02,5682,19.03,7720,13.89,1402,13.9,1870
505,2020-11-23 12:02:39.243516-05:00,19.02,5700,19.03,8183,13.89,1255,13.9,2253
506,2020-11-23 12:02:49.261222-05:00,19.02,5733,19.03,8259,13.89,1311,13.9,2203
507,2020-11-23 12:02:59.277054-05:00,19.02,8294,19.03,5176,13.89,2254,13.9,947
508,2020-11-23 12:03:09.042441-05:00,19.02,9201,19.03,4006,13.9,1213,13.91,2579
509,2020-11-23 12:03:19.058997-05:00,19.02,8388,19.03,5202,13.89,2381,13.9,1791
510,2020-11-23 12:03:29.103912-05:00,19.02,5860,19.03,7562,13.89,2236,13.9,2201
511,2020-11-23 12:03:39.119639-05:00,19.02,5820,19.03,8047,13.89,2215,13.9,2186
512,2020-11-23 12:03:49.136094-05:00,19.02,2532,19.03,8421,13.89,466,13.9,3156
513,2020-11-23 12:03:59.151445-05:00,19.02,2064,19.03,8608,13.89,463,13.9,3065
514,2020-11-23 12:04:04.159471-05:00,19.02,2064,19.03,8608,13.88,1475,13.89,2462
515,2020-11-23 12:04:09.169463-05:00,19.01,9614,19.02,5546,13.88,1475,13.89,2462
516,2020-11-23 12:04:19.184991-05:00,19.01,9768,19.02,5489,13.88,1629,13.89,2384
517,2020-11-23 12:04:29.200423-05:00,19.01,3296,19.02,10009,13.87,2317,13.88,2411
518,2020-11-23 12:04:39.216926-05:00,19.0,10340,19.01,5895,13.87,1578,13.88,2858
519,2020-11-23 12:04:49.232619-05:00,19.0,10353,19.01,2361,13.87,2319,13.88,2242
520,2020-11-23 12:04:57.244555-05:00,19.0,10464,19.01,4072,13.87,2319,13.88,2242
521,2020-11-23 12:04:57.244555-05:00,19.0,10464,19.01,4072,13.87,1809,13.88,2415
522,2020-11-23 12:05:09.177338-05:00,19.0,10060,19.01,4352,13.87,1673,13.88,2814
523,2020-11-23 12:05:19.162971-05:00,19.0,10128,19.01,4058,13.87,1752,13.88,2415
524,2020-11-23 12:05:29.178455-05:00,19.0,9570,19.01,4746,13.87,875,13.88,3026
525,2020-11-23 12:05:39.196513-05:00,19.0,9419,19.01,5308,13.87,450,13.88,3058
526,2020-11-23 12:05:49.214716-05:00,19.0,8603,19.01,5415,13.87,452,13.88,3072
527,2020-11-23 12:05:59.231292-05:00,19.0,9886,19.01,4734,13.87,828,13.88,3041
528,2020-11-23 12:06:09.248088-05:00,19.0,9263,19.01,5234,13.87,389,13.88,3316
529,2020-11-23 12:06:19.267099-05:00,19.0,9998,19.01,4540,13.87,900,13.88,3244
530,2020-11-23 12:06:29.283541-05:00,19.0,10063,19.01,4561,13.87,1219,13.88,2899
531,2020-11-23 12:06:39.052021-05:00,19.0,10196,19.01,3310,13.87,1390,13.88,2193
532,2020-11-23 12:06:49.069118-05:00,19.01,6106,19.02,10352,13.87,1997,13.88,1423
533,2020-11-23 12:06:59.085032-05:00,19.01,1290,19.02,10839,13.87,1245,13.88,1781
534,2020-11-23 12:07:09.102950-05:00,19.01,2228,19.02,10767,13.87,1326,13.88,1737
535,2020-11-23 12:07:19.121397-05:00,19.0,10177,19.01,1518,13.87,1822,13.88,1541
536,2020-11-23 12:07:29.139768-05:00,19.01,5498,19.02,10841,13.87,2067,13.88,1261
537,2020-11-23 12:07:39.155535-05:00,19.01,7232,19.02,9040,13.88,2051,13.89,3026
538,2020-11-23 12:07:49.169936-05:00,19.01,7753,19.02,9096,13.88,2023,13.89,3024
539,2020-11-23 12:07:59.142494-05:00,19.01,7757,19.02,9018,13.88,1992,13.89,3019
540,2020-11-23 12:08:09.159035-05:00,19.01,8338,19.02,7677,13.88,2021,13.89,2499
541,2020-11-23 12:08:19.174354-05:00,19.01,9524,19.02,6951,13.88,2683,13.89,2143
542,2020-11-23 12:08:29.191991-05:00,19.01,9387,19.02,6983,13.88,2321,13.89,2278
543,2020-11-23 12:08:39.207794-05:00,19.01,9105,19.02,7597,13.88,2025,13.89,2387
544,2020-11-23 12:08:49.225022-05:00,19.01,5726,19.02,10786,13.88,322,13.89,3178
545,2020-11-23 12:08:59.241070-05:00,19.01,2764,19.02,11245,13.87,1596,13.88,2399
546,2020-11-23 12:09:09.257274-05:00,19.01,3478,19.02,10616,13.87,2104,13.88,2171
547,2020-11-23 12:09:19.271851-05:00,19.01,4183,19.02,10782,13.87,2486,13.88,1599
548,2020-11-23 12:09:29.289704-05:00,19.01,5307,19.02,10061,13.88,1545,13.89,3085
549,2020-11-23 12:09:39.054385-05:00,19.01,6323,19.02,9304,13.88,1655,13.89,2829
550,2020-11-23 12:09:49.070511-05:00,19.01,8335,19.02,6951,13.88,2283,13.89,2232
551,2020-11-23 12:09:59.086223-05:00,19.01,5345,19.02,10364,13.88,1046,13.89,3039
552,2020-11-23 12:10:09.102192-05:00,19.01,8158,19.02,6733,13.88,3126,13.89,1968
553,2020-11-23 12:10:19.117456-05:00,19.01,8473,19.02,6716,13.88,2981,13.89,1864
554,2020-11-23 12:10:19.117456-05:00,19.01,8473,19.02,6716,13.88,2104,13.89,1880
555,2020-11-23 12:10:29.135026-05:00,19.01,7373,19.02,7049,13.88,2104,13.89,1880
556,2020-11-23 12:10:39.151994-05:00,19.01,6409,19.02,7621,13.88,2206,13.89,2469
557,2020-11-23 12:10:49.168799-05:00,19.01,4758,19.02,10482,13.88,521,13.89,2848
558,2020-11-23 12:10:59.184801-05:00,19.01,5265,19.02,10489,13.88,967,13.89,2883
559,2020-11-23 12:11:09.200768-05:00,19.01,5246,19.02,10298,13.88,1222,13.89,3061
560,2020-11-23 12:11:18.253629-05:00,19.01,5246,19.02,10298,13.88,172,13.89,3208
561,2020-11-23 12:11:19.216531-05:00,19.01,4445,19.02,10619,13.88,172,13.89,3208
562,2020-11-23 12:11:29.232834-05:00,19.01,4782,19.02,10617,13.88,339,13.89,3077
563,2020-11-23 12:11:39.248526-05:00,19.01,1941,19.02,11136,13.87,1748,13.88,2227
564,2020-11-23 12:11:49.263810-05:00,19.0,9634,19.01,6817,13.87,1442,13.88,2926
565,2020-11-23 12:11:59.280247-05:00,19.0,9689,19.01,6224,13.87,1431,13.88,2781
566,2020-11-23 12:12:09.107679-05:00,19.0,9274,19.01,4908,13.87,862,13.88,2788
567,2020-11-23 12:12:19.084133-05:00,19.0,9002,19.01,4916,13.87,655,13.88,2812
568,2020-11-23 12:12:29.113970-05:00,19.0,9639,19.01,4958,13.87,1452,13.88,2825
569,2020-11-23 12:12:39.131151-05:00,19.0,9649,19.01,4409,13.87,1509,13.88,2474
570,2020-11-23 12:12:49.146290-05:00,19.0,8071,19.01,6076,13.87,323,13.88,2892
571,2020-11-23 12:12:59.161356-05:00,19.0,6219,19.01,7935,13.86,2338,13.87,1833
572,2020-11-23 12:13:09.187084-05:00,19.0,5412,19.01,8794,13.86,2096,13.87,2126
573,2020-11-23 12:13:19.193319-05:00,19.0,3592,19.01,8977,13.86,1138,13.87,2931
574,2020-11-23 12:13:29.208830-05:00,19.0,44,19.01,9268,13.85,2241,13.86,2168
575,2020-11-23 12:13:39.218159-05:00,18.99,7725,19.0,7911,13.85,1524,13.86,2514
576,2020-11-23 12:13:49.232051-05:00,18.99,8912,19.0,6000,13.85,1657,13.86,2106
577,2020-11-23 12:13:59.247386-05:00,18.99,8002,19.0,5459,13.85,1873,13.86,1726
578,2020-11-23 12:14:09.263779-05:00,18.99,8831,19.0,5237,13.85,2547,13.86,1293
579,2020-11-23 12:14:19.276461-05:00,18.99,9039,19.0,4054,13.85,2596,13.86,1273
580,2020-11-23 12:14:28.040632-05:00,18.99,9130,19.0,3249,13.85,2692,13.86,485
581,2020-11-23 12:14:39.057151-05:00,19.0,5973,19.01,10397,13.86,2855,13.87,1847
582,2020-11-23 12:14:49.073149-05:00,19.0,6149,19.01,10368,13.86,3004,13.87,1742
583,2020-11-23 12:14:59.093386-05:00,19.0,6720,19.01,10368,13.86,3146,13.87,1763
584,2020-11-23 12:15:09.148373-05:00,19.0,9805,19.01,5288,13.87,897,13.88,2369
585,2020-11-23 12:15:19.163256-05:00,19.0,10268,19.01,5255,13.87,1381,13.88,2162
586,2020-11-23 12:15:29.179641-05:00,19.0,10889,19.01,4658,13.87,1169,13.88,2307
587,2020-11-23 12:15:38.192398-05:00,19.0,11288,19.01,3935,13.87,1169,13.88,2307
588,2020-11-23 12:15:38.192398-05:00,19.0,11288,19.01,3935,13.87,1536,13.88,1591
589,2020-11-23 12:15:49.210185-05:00,19.01,7382,19.02,9407,13.88,1986,13.89,2241
590,2020-11-23 12:15:59.224158-05:00,19.01,9429,19.02,6312,13.88,2965,13.89,682
591,2020-11-23 12:16:09.240157-05:00,19.01,9073,19.02,7314,13.88,2660,13.89,1380
592,2020-11-23 12:16:19.268815-05:00,19.01,3162,19.02,12115,13.87,2380,13.88,2203
593,2020-11-23 12:16:29.034585-05:00,19.01,4327,19.02,11402,13.87,2723,13.88,1192
594,2020-11-23 12:16:39.053596-05:00,19.01,3734,19.02,11454,13.87,2602,13.88,1426
595,2020-11-23 12:16:49.095089-05:00,19.01,7517,19.02,8053,13.88,2269,13.89,1773
596,2020-11-23 12:16:59.088880-05:00,19.01,8335,19.02,7259,13.88,3033,13.89,1456
597,2020-11-23 12:17:09.106590-05:00,19.01,9368,19.02,6761,13.88,3104,13.89,731
598,2020-11-23 12:17:19.123258-05:00,19.02,8409,19.03,10302,13.89,2958,13.9,1487
599,2020-11-23 12:17:28.176646-05:00,19.02,8409,19.03,10302,13.89,2282,13.9,1655
600,2020-11-23 12:17:29.139099-05:00,19.02,6530,19.03,10734,13.89,2282,13.9,1655
601,2020-11-23 12:17:39.215704-05:00,19.02,10888,19.03,6537,13.9,2262,13.91,2072
602,2020-11-23 12:17:49.234104-05:00,19.03,3218,19.04,12336,13.9,2607,13.91,2100
603,2020-11-23 12:17:59.181365-05:00,19.02,9914,19.03,6588,13.9,896,13.91,2897
604,2020-11-23 12:18:09.154286-05:00,19.02,5852,19.03,10504,13.89,2129,13.9,2878
605,2020-11-23 12:18:19.065109-05:00,19.02,3479,19.03,10685,13.89,1402,13.9,2873
606,2020-11-23 12:18:29.082874-05:00,19.02,1697,19.03,11251,13.89,400,13.9,2899
607,2020-11-23 12:18:39.100563-05:00,19.02,2640,19.03,11213,13.88,3141,13.89,840
608,2020-11-23 12:18:49.119465-05:00,19.02,1931,19.03,11254,13.88,3141,13.89,840
609,2020-11-23 12:18:49.119465-05:00,19.02,1931,19.03,11254,13.88,3033,13.89,550
610,2020-11-23 12:18:59.177045-05:00,19.01,9552,19.02,7002,13.88,1940,13.89,1551
611,2020-11-23 12:19:09.156287-05:00,19.01,6331,19.02,10277,13.88,533,13.89,2310
612,2020-11-23 12:19:19.174810-05:00,19.01,6283,19.02,10282,13.87,2764,13.88,1301
613,2020-11-23 12:19:29.195989-05:00,19.01,6299,19.02,10307,13.87,2653,13.88,946
614,2020-11-23 12:19:39.214516-05:00,19.01,6294,19.02,10313,13.87,2642,13.88,876
615,2020-11-23 12:19:49.232894-05:00,19.01,8699,19.02,7288,13.88,2406,13.89,2207
616,2020-11-23 12:19:59.251578-05:00,19.01,7986,19.02,9376,13.88,2270,13.89,2332
617,2020-11-23 12:20:09.272509-05:00,19.01,8172,19.02,9360,13.88,2415,13.89,2148
618,2020-11-23 12:20:19.319740-05:00,19.01,10267,19.02,5982,13.88,3015,13.89,1428
619,2020-11-23 12:20:29.059524-05:00,19.01,10106,19.02,6639,13.88,2936,13.89,2285
620,2020-11-23 12:20:39.079119-05:00,19.01,9417,19.02,7602,13.88,2510,13.89,2909
621,2020-11-23 12:20:49.269669-05:00,19.01,7124,19.02,10572,13.88,1600,13.89,3118
622,2020-11-23 12:20:59.038286-05:00,19.01,8129,19.02,8835,13.88,2556,13.89,3126
623,2020-11-23 12:21:09.057191-05:00,19.02,7187,19.03,10666,13.89,2013,13.9,1865
624,2020-11-23 12:21:19.079289-05:00,19.02,8112,19.03,10437,13.89,2349,13.9,1372
625,2020-11-23 12:21:29.093785-05:00,19.02,6132,19.03,11446,13.89,1649,13.9,1834
626,2020-11-23 12:21:39.113145-05:00,19.02,6586,19.03,11470,13.89,1804,13.9,1556
627,2020-11-23 12:21:49.131908-05:00,19.02,5297,19.03,11566,13.89,1052,13.9,2241
628,2020-11-23 12:21:59.152031-05:00,19.02,1032,19.03,11650,13.88,3590,13.89,1204
629,2020-11-23 12:22:09.171885-05:00,19.02,5478,19.03,11514,13.89,1958,13.9,2380
630,2020-11-23 12:22:19.191830-05:00,19.02,6819,19.03,10845,13.89,2515,13.9,1599
631,2020-11-23 12:22:29.208490-05:00,19.02,6840,19.03,11321,13.89,1931,13.9,1572
632,2020-11-23 12:22:39.228060-05:00,19.02,8276,19.03,9346,13.89,2523,13.9,1262
633,2020-11-23 12:22:49.246023-05:00,19.02,5927,19.03,11475,13.89,1764,13.9,1913
634,2020-11-23 12:22:59.243109-05:00,19.01,9375,19.02,8997,13.88,2853,13.89,1819
635,2020-11-23 12:23:09.261112-05:00,19.02,3993,19.03,11133,13.89,2108,13.9,2393
636,2020-11-23 12:23:19.276519-05:00,19.02,3138,19.03,11311,13.89,969,13.9,2471
637,2020-11-23 12:23:29.042390-05:00,19.02,3147,19.03,11166,13.89,1052,13.9,2458
638,2020-11-23 12:23:39.059160-05:00,19.02,3520,19.03,11065,13.89,1530,13.9,2445
639,2020-11-23 12:23:49.074934-05:00,19.02,3883,19.03,11045,13.89,1650,13.9,2357
640,2020-11-23 12:23:59.090717-05:00,19.02,2849,19.03,11167,13.89,1506,13.9,2446
641,2020-11-23 12:24:09.105055-05:00,19.02,5662,19.03,9509,13.89,2443,13.9,1466
642,2020-11-23 12:24:19.120881-05:00,19.02,2924,19.03,11151,13.89,1389,13.9,2203
643,2020-11-23 12:24:29.135217-05:00,19.02,2603,19.03,11225,13.89,1099,13.9,2170
644,2020-11-23 12:24:39.152065-05:00,19.02,2480,19.03,10580,13.89,961,13.9,1994
645,2020-11-23 12:24:49.167230-05:00,19.02,7009,19.03,10244,13.89,2592,13.9,1992
646,2020-11-23 12:24:59.182486-05:00,19.02,5771,19.03,11076,13.89,1954,13.9,2388
647,2020-11-23 12:25:09.197985-05:00,19.02,5153,19.03,11123,13.89,1011,13.9,2374
648,2020-11-23 12:25:19.213161-05:00,19.01,9861,19.02,7992,13.88,2832,13.89,2134
649,2020-11-23 12:25:29.221365-05:00,19.01,7940,19.02,11033,13.88,2010,13.89,2969
650,2020-11-23 12:25:39.057910-05:00,19.01,6857,19.02,11810,13.88,1281,13.89,3036
651,2020-11-23 12:25:49.074525-05:00,19.01,6334,19.02,11919,13.88,654,13.89,3106
652,2020-11-23 12:25:59.091533-05:00,19.01,9606,19.02,8252,13.88,1609,13.89,2448
653,2020-11-23 12:26:09.107081-05:00,19.01,9588,19.02,6922,13.88,1632,13.89,1505
654,2020-11-23 12:26:17.120229-05:00,19.01,9588,19.02,6922,13.88,1515,13.89,2053
655,2020-11-23 12:26:19.123394-05:00,19.01,7975,19.02,9672,13.88,1515,13.89,2053
656,2020-11-23 12:26:29.140627-05:00,19.01,6953,19.02,9972,13.88,1289,13.89,2063
657,2020-11-23 12:26:39.084196-05:00,19.01,9474,19.02,6942,13.88,1626,13.89,1502
658,2020-11-23 12:26:49.269218-05:00,19.01,8431,19.02,9070,13.88,1543,13.89,2042
659,2020-11-23 12:26:59.111731-05:00,19.01,10136,19.02,6758,13.88,2438,13.89,1095
660,2020-11-23 12:27:09.067109-05:00,19.01,10166,19.02,6783,13.88,2523,13.89,925
661,2020-11-23 12:27:19.256815-05:00,19.01,9896,19.02,4677,13.88,2291,13.89,2063
662,2020-11-23 12:27:29.173485-05:00,19.02,4760,19.03,10785,13.89,1450,13.9,2393
663,2020-11-23 12:27:39.120535-05:00,19.02,2670,19.03,10840,13.89,779,13.9,2519
664,2020-11-23 12:27:49.138176-05:00,19.02,2688,19.03,11228,13.89,894,13.9,2671
665,2020-11-23 12:27:59.205380-05:00,19.02,1255,19.03,11226,13.88,2625,13.89,1333
666,2020-11-23 12:28:09.184174-05:00,19.01,6852,19.02,10843,13.88,1061,13.89,2442
667,2020-11-23 12:28:19.199688-05:00,19.01,5311,19.02,10867,13.87,2141,13.88,1850
668,2020-11-23 12:28:29.215745-05:00,19.01,2332,19.02,11824,13.87,1739,13.88,2045
669,2020-11-23 12:28:39.231171-05:00,19.0,6606,19.01,9397,13.86,2224,13.87,2375
670,2020-11-23 12:28:49.246506-05:00,19.0,11000,19.01,5144,13.86,3832,13.87,24
671,2020-11-23 12:28:59.261165-05:00,19.0,11006,19.01,4268,13.87,2511,13.88,2202
672,2020-11-23 12:29:09.274400-05:00,19.0,10980,19.01,4765,13.87,2180,13.88,2668
673,2020-11-23 12:29:19.040751-05:00,19.0,11044,19.01,3153,13.87,2228,13.88,2150
674,2020-11-23 12:29:29.056539-05:00,19.0,11094,19.01,2290,13.87,2424,13.88,1807
675,2020-11-23 12:29:39.073035-05:00,19.01,5460,19.02,11332,13.87,2840,13.88,1095
676,2020-11-23 12:29:49.087807-05:00,19.01,5502,19.02,11915,13.87,3119,13.88,1374
677,2020-11-23 12:29:59.104176-05:00,19.01,5896,19.02,11821,13.87,3142,13.88,618
678,2020-11-23 12:30:09.117719-05:00,19.01,6547,19.02,10222,13.88,1906,13.89,2458
679,2020-11-23 12:30:19.133319-05:00,19.01,5959,19.02,11119,13.88,848,13.89,2575
680,2020-11-23 12:30:29.142392-05:00,19.01,6398,19.02,10423,13.88,1103,13.89,2211
681,2020-11-23 12:30:39.157912-05:00,19.01,6058,19.02,10980,13.88,926,13.89,2548
682,2020-11-23 12:30:49.175429-05:00,19.01,8287,19.02,8079,13.88,2225,13.89,1836
683,2020-11-23 12:30:59.188525-05:00,19.01,9134,19.02,8049,13.88,2241,13.89,1765
684,2020-11-23 12:31:09.204494-05:00,19.01,5987,19.02,11022,13.88,1029,13.89,2497
685,2020-11-23 12:31:19.220562-05:00,19.01,5921,19.02,11148,13.88,871,13.89,2592
686,2020-11-23 12:31:29.235845-05:00,19.01,4346,19.02,11388,13.87,2817,13.88,2385
687,2020-11-23 12:31:39.251189-05:00,19.0,6905,19.01,10233,13.86,2317,13.87,2158
688,2020-11-23 12:31:49.151787-05:00,19.0,9538,19.01,8006,13.86,3131,13.87,984
689,2020-11-23 12:31:59.227418-05:00,19.0,6766,19.01,9738,13.86,2124,13.87,1571
690,2020-11-23 12:32:09.270332-05:00,19.0,6342,19.01,10434,13.86,2246,13.87,2247
691,2020-11-23 12:32:19.285138-05:00,19.0,7699,19.01,10174,13.86,2694,13.87,1484
692,2020-11-23 12:32:29.054811-05:00,19.0,9507,19.01,8072,13.86,3118,13.87,989
693,2020-11-23 12:32:39.066708-05:00,19.0,7713,19.01,9378,13.86,2643,13.87,1238
694,2020-11-23 12:32:49.083798-05:00,19.0,3005,19.01,9877,13.86,1465,13.87,2127
695,2020-11-23 12:32:59.095713-05:00,19.0,334,19.01,10563,13.86,5,13.87,2204
696,2020-11-23 12:33:09.275851-05:00,19.0,1356,19.01,10757,13.85,2740,13.86,2048
697,2020-11-23 12:33:19.163667-05:00,18.99,9087,19.0,8308,13.85,1821,13.86,2311
698,2020-11-23 12:33:29.179349-05:00,18.99,9028,19.0,9112,13.85,1715,13.86,2481
699,2020-11-23 12:33:39.194893-05:00,18.99,6768,19.0,9868,13.85,1158,13.86,2830
700,2020-11-23 12:33:49.209823-05:00,18.99,5804,19.0,10475,13.85,773,13.86,2898
701,2020-11-23 12:33:59.224957-05:00,18.99,6778,19.0,9204,13.85,939,13.86,2952
702,2020-11-23 12:34:07.237366-05:00,18.99,6778,19.0,9204,13.85,793,13.86,2910
703,2020-11-23 12:34:09.238993-05:00,18.99,5893,19.0,10482,13.85,793,13.86,2910
704,2020-11-23 12:34:19.254585-05:00,18.99,5211,19.0,10483,13.85,318,13.86,2923
705,2020-11-23 12:34:29.270926-05:00,18.98,10422,18.99,5891,13.84,1807,13.85,2600
706,2020-11-23 12:34:39.072577-05:00,18.98,10333,18.99,5784,13.84,1761,13.85,2317
707,2020-11-23 12:34:49.047660-05:00,18.98,10167,18.99,5761,13.84,1760,13.85,2276
708,2020-11-23 12:34:59.213581-05:00,18.98,10441,18.99,2103,13.84,2442,13.85,1915
709,2020-11-23 12:35:09.227644-05:00,18.99,5722,19.0,11072,13.84,2714,13.85,947
710,2020-11-23 12:35:19.060573-05:00,18.99,5547,19.0,11117,13.84,2544,13.85,1089
711,2020-11-23 12:35:29.075629-05:00,18.99,6131,19.0,11040,13.84,2673,13.85,602
712,2020-11-23 12:35:39.090644-05:00,18.99,5572,19.0,11083,13.84,2579,13.85,1294
713,2020-11-23 12:35:49.106897-05:00,18.99,6701,19.0,10916,13.84,2783,13.85,438
714,2020-11-23 12:35:59.128784-05:00,18.99,5554,19.0,11039,13.84,2504,13.85,1221
715,2020-11-23 12:36:09.195644-05:00,18.99,5243,19.0,11031,13.84,2100,13.85,1352
716,2020-11-23 12:36:19.210355-05:00,18.99,2023,19.0,11109,13.84,1838,13.85,2029
717,2020-11-23 12:36:19.210355-05:00,18.99,2023,19.0,11109,13.84,1746,13.85,2116
718,2020-11-23 12:36:29.224888-05:00,18.99,1253,19.0,11554,13.84,1746,13.85,2116
719,2020-11-23 12:36:39.197726-05:00,18.99,1354,19.0,11498,13.84,1772,13.85,2091
720,2020-11-23 12:36:49.212757-05:00,18.99,1019,19.0,11507,13.84,1742,13.85,2085
721,2020-11-23 12:36:59.228126-05:00,18.99,2563,19.0,11231,13.84,2162,13.85,1307
722,2020-11-23 12:37:09.244892-05:00,18.99,3479,19.0,11040,13.84,2670,13.85,673
723,2020-11-23 12:37:19.219839-05:00,18.99,4618,19.0,10849,13.84,2752,13.85,476
724,2020-11-23 12:37:22.223264-05:00,18.99,4618,19.0,10849,13.84,2878,13.85,569
725,2020-11-23 12:37:29.234692-05:00,18.99,3558,19.0,11044,13.84,2878,13.85,569
726,2020-11-23 12:37:39.251941-05:00,18.99,2881,19.0,11088,13.84,2697,13.85,1113
727,2020-11-23 12:37:49.266017-05:00,18.99,2445,19.0,11333,13.84,1892,13.85,1213
728,2020-11-23 12:37:59.282909-05:00,18.98,9400,18.99,6881,13.84,585,13.85,2424
729,2020-11-23 12:38:09.297759-05:00,18.98,6515,18.99,9781,13.83,2072,13.84,1615
730,2020-11-23 12:38:19.063188-05:00,18.98,5552,18.99,9805,13.83,1807,13.84,2223
731,2020-11-23 12:38:29.077743-05:00,18.98,5556,18.99,9805,13.83,1807,13.84,2202
732,2020-11-23 12:38:39.093837-05:00,18.98,6643,18.99,9751,13.83,2131,13.84,1577
733,2020-11-23 12:38:49.164798-05:00,18.98,7758,18.99,8617,13.83,2677,13.84,1229
734,2020-11-23 12:38:54.130056-05:00,18.98,8430,18.99,6892,13.83,2677,13.84,1229
735,2020-11-23 12:38:54.130056-05:00,18.98,8430,18.99,6892,13.83,2714,13.84,718
736,2020-11-23 12:39:09.154880-05:00,18.98,6691,18.99,9819,13.83,2071,13.84,1203
737,2020-11-23 12:39:19.168980-05:00,18.98,4895,18.99,10235,13.83,1128,13.84,2158
738,2020-11-23 12:39:29.183719-05:00,18.98,3539,18.99,10175,13.83,973,13.84,2150
739,2020-11-23 12:39:39.199899-05:00,18.98,2972,18.99,10227,13.83,765,13.84,2267
740,2020-11-23 12:39:49.214057-05:00,18.98,3000,18.99,10187,13.83,860,13.84,2220
741,2020-11-23 12:39:59.229480-05:00,18.98,2973,18.99,10186,13.83,829,13.84,2232
742,2020-11-23 12:40:09.181023-05:00,18.98,3497,18.99,9645,13.83,1068,13.84,1917
743,2020-11-23 12:40:19.195846-05:00,18.98,2014,18.99,10606,13.82,3221,13.83,493
744,2020-11-23 12:40:29.221587-05:00,18.98,5116,18.99,10336,13.83,2827,13.84,1443
745,2020-11-23 12:40:39.227716-05:00,18.98,5106,18.99,10350,13.83,2728,13.84,1443
746,2020-11-23 12:40:43.234902-05:00,18.98,5106,18.99,10350,13.83,2462,13.84,1666
747,2020-11-23 12:40:49.242921-05:00,18.98,3821,18.99,10377,13.83,2462,13.84,1666
748,2020-11-23 12:40:59.258505-05:00,18.98,4143,18.99,10405,13.83,2086,13.84,1533
749,2020-11-23 12:41:09.275305-05:00,18.98,3849,18.99,10400,13.83,2048,13.84,1965
750,2020-11-23 12:41:19.039822-05:00,18.98,2503,18.99,10718,13.83,1111,13.84,2381
751,2020-11-23 12:41:29.067051-05:00,18.98,2502,18.99,10718,13.83,1005,13.84,2373
752,2020-11-23 12:41:39.084775-05:00,18.98,3160,18.99,10101,13.83,1462,13.84,2329
753,2020-11-23 12:41:49.048287-05:00,18.98,5155,18.99,9814,13.83,2137,13.84,1509
754,2020-11-23 12:41:59.065184-05:00,18.98,6138,18.99,9687,13.83,2456,13.84,1458
755,2020-11-23 12:42:07.076991-05:00,18.98,6138,18.99,9687,13.83,2578,13.84,521
756,2020-11-23 12:42:09.081060-05:00,18.98,7732,18.99,6824,13.83,2578,13.84,521
757,2020-11-23 12:42:19.096705-05:00,18.98,8120,18.99,6536,13.83,3108,13.84,275
758,2020-11-23 12:42:28.150139-05:00,18.98,6231,18.99,9675,13.83,3108,13.84,275
759,2020-11-23 12:42:28.150139-05:00,18.98,6231,18.99,9675,13.83,2771,13.84,1062
760,2020-11-23 12:42:39.129277-05:00,18.98,7782,18.99,6565,13.83,2816,13.84,407
761,2020-11-23 12:42:49.145127-05:00,18.98,7693,18.99,7311,13.83,2777,13.84,661
762,2020-11-23 12:42:59.274573-05:00,18.98,8919,18.99,5546,13.84,2811,13.85,1553
763,2020-11-23 12:43:09.167160-05:00,18.98,8590,18.99,6085,13.84,2244,13.85,1999
764,2020-11-23 12:43:19.184879-05:00,18.98,8051,18.99,6114,13.84,1380,13.85,2328
765,2020-11-23 12:43:29.198978-05:00,18.98,8621,18.99,6042,13.84,1877,13.85,1968
766,2020-11-23 12:43:39.214875-05:00,18.98,8569,18.99,6078,13.84,1840,13.85,2007
767,2020-11-23 12:43:49.232677-05:00,18.98,8591,18.99,6091,13.84,1868,13.85,2007
768,2020-11-23 12:43:59.249102-05:00,18.98,8196,18.99,6180,13.84,1624,13.85,2326
769,2020-11-23 12:44:09.265443-05:00,18.98,8112,18.99,6205,13.84,1178,13.85,2314
770,2020-11-23 12:44:19.282598-05:00,18.98,7588,18.99,6990,13.83,2800,13.84,1399
771,2020-11-23 12:44:29.046493-05:00,18.98,8251,18.99,6165,13.83,2939,13.84,343
772,2020-11-23 12:44:39.064739-05:00,18.98,8166,18.99,6177,13.83,2920,13.84,394
773,2020-11-23 12:44:39.064739-05:00,18.98,8166,18.99,6177,13.83,3000,13.84,9
774,2020-11-23 12:44:49.081108-05:00,18.98,8587,18.99,6123,13.83,3000,13.84,9
775,2020-11-23 12:44:59.097534-05:00,18.98,8750,18.99,3918,13.84,2662,13.85,1551
776,2020-11-23 12:45:09.114215-05:00,18.98,8581,18.99,4756,13.84,1641,13.85,2075
777,2020-11-23 12:45:19.130123-05:00,18.98,9067,18.99,4280,13.84,1840,13.85,1891
778,2020-11-23 12:45:29.149071-05:00,18.98,9204,18.99,3715,13.84,2118,13.85,1454
779,2020-11-23 12:45:39.162174-05:00,18.98,9139,18.99,4232,13.84,1979,13.85,1577
780,2020-11-23 12:45:49.178858-05:00,18.98,9421,18.99,1666,13.84,2195,13.85,1447
781,2020-11-23 12:45:58.233119-05:00,18.98,9421,18.99,1666,13.84,2404,13.85,1456
782,2020-11-23 12:45:59.196056-05:00,18.99,2405,19.0,12069,13.84,2404,13.85,1456
783,2020-11-23 12:46:09.212221-05:00,18.99,3459,19.0,11461,13.84,2911,13.85,1179
784,2020-11-23 12:46:17.224476-05:00,18.99,3459,19.0,11461,13.84,2961,13.85,922
785,2020-11-23 12:46:19.238634-05:00,18.99,3917,19.0,11448,13.84,2961,13.85,922
786,2020-11-23 12:46:29.254824-05:00,18.99,3730,19.0,11456,13.84,2920,13.85,893
787,2020-11-23 12:46:39.270968-05:00,18.98,8796,18.99,6086,13.84,1494,13.85,2348
788,2020-11-23 12:46:47.031235-05:00,18.98,8796,18.99,6086,13.84,779,13.85,2437
789,2020-11-23 12:46:49.035114-05:00,18.98,9118,18.99,6487,13.84,779,13.85,2437
790,2020-11-23 12:46:59.125130-05:00,18.98,6633,18.99,9430,13.83,2668,13.84,1529
791,2020-11-23 12:47:09.141536-05:00,18.98,5973,18.99,9585,13.83,2187,13.84,1658
792,2020-11-23 12:47:19.158498-05:00,18.98,8821,18.99,5718,13.84,1381,13.85,2313
793,2020-11-23 12:47:29.173943-05:00,18.98,9805,18.99,5665,13.84,1713,13.85,2219
794,2020-11-23 12:47:39.190400-05:00,18.98,8420,18.99,6445,13.83,2796,13.84,694
795,2020-11-23 12:47:49.205673-05:00,18.98,8356,18.99,6422,13.84,752,13.85,2489
796,2020-11-23 12:47:57.218401-05:00,18.98,8356,18.99,6422,13.83,2868,13.84,984
797,2020-11-23 12:47:59.222519-05:00,18.98,7879,18.99,6564,13.83,2868,13.84,984
798,2020-11-23 12:48:09.237427-05:00,18.98,127,18.99,9916,13.83,589,13.84,2573
799,2020-11-23 12:48:19.253447-05:00,18.98,3951,18.99,10007,13.83,2101,13.84,1670
800,2020-11-23 12:48:29.269523-05:00,18.98,4762,18.99,10027,13.83,2121,13.84,1640
801,2020-11-23 12:48:39.196592-05:00,18.98,3414,18.99,9881,13.83,1682,13.84,2020
802,2020-11-23 12:48:48.249844-05:00,18.98,4637,18.99,9676,13.83,1682,13.84,2020
803,2020-11-23 12:48:48.249844-05:00,18.98,4637,18.99,9676,13.83,2550,13.84,1600
804,2020-11-23 12:48:59.127314-05:00,18.98,4807,18.99,9171,13.83,2539,13.84,1610
805,2020-11-23 12:49:09.143539-05:00,18.98,4817,18.99,9675,13.83,2326,13.84,1620
806,2020-11-23 12:49:19.158921-05:00,18.98,5992,18.99,7315,13.83,2615,13.84,1053
807,2020-11-23 12:49:29.175501-05:00,18.98,5910,18.99,9085,13.83,2599,13.84,1050
808,2020-11-23 12:49:29.175501-05:00,18.98,5910,18.99,9085,13.83,2091,13.84,1224
809,2020-11-23 12:49:39.191571-05:00,18.98,3909,18.99,9817,13.83,2091,13.84,1224
810,2020-11-23 12:49:49.207002-05:00,18.98,3669,18.99,9805,13.83,1825,13.84,1424
811,2020-11-23 12:49:59.224241-05:00,18.98,3907,18.99,9783,13.83,1836,13.84,1191
812,2020-11-23 12:50:09.239723-05:00,18.98,3890,18.99,9823,13.83,2141,13.84,1187
813,2020-11-23 12:50:19.256458-05:00,18.98,3234,18.99,9875,13.83,1821,13.84,1465
814,2020-11-23 12:50:29.272441-05:00,18.98,3843,18.99,9789,13.83,1820,13.84,1312
815,2020-11-23 12:50:29.272441-05:00,18.98,3843,18.99,9789,13.83,1794,13.84,1458
816,2020-11-23 12:50:39.037043-05:00,18.98,3187,18.99,9853,13.83,1794,13.84,1458
817,2020-11-23 12:50:49.053767-05:00,18.98,41,18.99,10209,13.83,19,13.84,2574
818,2020-11-23 12:50:59.071321-05:00,18.98,2192,18.99,10147,13.82,3311,13.83,867
819,2020-11-23 12:51:09.088492-05:00,18.98,2194,18.99,10181,13.82,3396,13.83,687
820,2020-11-23 12:51:19.103955-05:00,18.98,737,18.99,10204,13.82,3128,13.83,1278
821,2020-11-23 12:51:29.119943-05:00,18.97,9969,18.98,5595,13.82,3114,13.83,1325
822,2020-11-23 12:51:39.137531-05:00,18.97,10212,18.98,5589,13.82,3169,13.83,810
823,2020-11-23 12:51:49.152971-05:00,18.97,10291,18.98,2777,13.82,3291,13.83,439
824,2020-11-23 12:51:58.205366-05:00,18.98,5890,18.99,9639,13.82,3291,13.83,439
825,2020-11-23 12:51:58.205366-05:00,18.98,5890,18.99,9639,13.83,2323,13.84,1244
826,2020-11-23 12:52:09.183597-05:00,18.98,6684,18.99,10078,13.83,2383,13.84,1297
827,2020-11-23 12:52:09.183597-05:00,18.98,6684,18.99,10078,13.83,515,13.84,2324
828,2020-11-23 12:52:19.201208-05:00,18.98,1514,18.99,10552,13.83,515,13.84,2324
829,2020-11-23 12:52:29.217493-05:00,18.97,9598,18.98,6717,13.82,2684,13.83,1749
830,2020-11-23 12:52:39.232730-05:00,18.97,9474,18.98,6401,13.82,2694,13.83,1727
831,2020-11-23 12:52:49.248655-05:00,18.97,9471,18.98,6267,13.82,2694,13.83,1776
832,2020-11-23 12:52:59.266037-05:00,18.97,9442,18.98,6259,13.82,2701,13.83,1768
833,2020-11-23 12:53:09.282661-05:00,18.97,10011,18.98,5821,13.82,3154,13.83,619
834,2020-11-23 12:53:19.047749-05:00,18.97,10562,18.98,1793,13.83,2241,13.84,2287
835,2020-11-23 12:53:29.064730-05:00,18.98,6644,18.99,8564,13.83,3184,13.84,1189
836,2020-11-23 12:53:39.080254-05:00,18.98,6015,18.99,9440,13.83,2989,13.84,1293
837,2020-11-23 12:53:49.095901-05:00,18.98,6003,18.99,9440,13.83,2693,13.84,1306
838,2020-11-23 12:53:59.112379-05:00,18.98,6003,18.99,9501,13.83,2804,13.84,1299
839,2020-11-23 12:54:09.128656-05:00,18.98,6541,18.99,9463,13.83,3078,13.84,1259
840,2020-11-23 12:54:19.144891-05:00,18.98,6027,18.99,9450,13.83,3187,13.84,1213
841,2020-11-23 12:54:29.160739-05:00,18.98,6577,18.99,8903,13.83,3289,13.84,1199
842,2020-11-23 12:54:39.175223-05:00,18.98,6551,18.99,9414,13.83,3274,13.84,1216
843,2020-11-23 12:54:49.192066-05:00,18.98,6559,18.99,9421,13.83,3185,13.84,1218
844,2020-11-23 12:54:59.208811-05:00,18.98,2853,18.99,9994,13.83,2292,13.84,2125
845,2020-11-23 12:55:09.223455-05:00,18.97,10711,18.98,7276,13.82,3247,13.83,456
846,2020-11-23 12:55:19.176625-05:00,18.98,1843,18.99,10705,13.83,1073,13.84,2492
847,2020-11-23 12:55:29.291034-05:00,18.98,3942,18.99,10482,13.83,2462,13.84,2127
848,2020-11-23 12:55:39.057368-05:00,18.98,5265,18.99,10173,13.83,2288,13.84,1756
849,2020-11-23 12:55:49.073674-05:00,18.98,1828,18.99,10509,13.83,1173,13.84,2378
850,2020-11-23 12:55:59.090826-05:00,18.98,1840,18.99,10523,13.83,907,13.84,2410
851,2020-11-23 12:56:05.100074-05:00,18.98,1840,18.99,10523,13.83,1123,13.84,1333
852,2020-11-23 12:56:09.106396-05:00,18.98,688,18.99,5142,13.83,1123,13.84,1333
853,2020-11-23 12:56:19.124630-05:00,18.98,4658,18.99,9185,13.83,2043,13.84,1234
854,2020-11-23 12:56:29.140883-05:00,18.98,3755,18.99,9228,13.83,1632,13.84,1511
855,2020-11-23 12:56:39.156902-05:00,18.98,1447,18.99,5019,13.83,1242,13.84,881
856,2020-11-23 12:56:49.174525-05:00,18.98,3865,18.99,9196,13.83,1622,13.84,1495
857,2020-11-23 12:56:59.190563-05:00,18.98,3973,18.99,9202,13.83,1630,13.84,1486
858,2020-11-23 12:57:09.208292-05:00,18.98,3969,18.99,9201,13.83,1635,13.84,1505
859,2020-11-23 12:57:19.190646-05:00,18.98,759,18.99,4991,13.83,1221,13.84,1236
860,2020-11-23 12:57:29.209325-05:00,18.98,3831,18.99,9201,13.83,1644,13.84,1522
861,2020-11-23 12:57:39.217338-05:00,18.98,3162,18.99,8873,13.83,1359,13.84,2079
862,2020-11-23 12:57:49.234310-05:00,18.98,346,18.99,5159,13.83,995,13.84,1549
863,2020-11-23 12:57:59.253125-05:00,18.98,5054,18.99,8486,13.83,2396,13.84,1133
864,2020-11-23 12:58:09.271411-05:00,18.98,1416,18.99,4940,13.83,1435,13.84,859
865,2020-11-23 12:58:19.040871-05:00,18.98,5162,18.99,8500,13.83,2238,13.84,1140
866,2020-11-23 12:58:29.058790-05:00,18.98,1402,18.99,4994,13.83,1556,13.84,855
867,2020-11-23 12:58:39.077036-05:00,18.98,3157,18.99,9297,13.83,1360,13.84,2138
868,2020-11-23 12:58:49.091894-05:00,18.98,2607,18.99,9483,13.83,941,13.84,2151
869,2020-11-23 12:58:57.127800-05:00,18.98,3068,18.99,9496,13.83,941,13.84,2151
870,2020-11-23 12:58:57.127800-05:00,18.98,3068,18.99,9496,13.83,1293,13.84,2151
871,2020-11-23 12:59:09.150342-05:00,18.98,469,18.99,11260,13.82,2783,13.83,2092
872,2020-11-23 12:59:19.166937-05:00,18.97,10326,18.98,5817,13.82,3111,13.83,1382
873,2020-11-23 12:59:29.184597-05:00,18.97,10398,18.98,5770,13.82,3122,13.83,862
874,2020-11-23 12:59:29.184597-05:00,18.97,10398,18.98,5770,13.82,2418,13.83,338
875,2020-11-23 12:59:39.180659-05:00,18.97,5043,18.98,2093,13.82,2418,13.83,338
876,2020-11-23 12:59:49.199831-05:00,18.97,9332,18.98,2912,13.83,2291,13.84,2289
877,2020-11-23 12:59:59.228064-05:00,18.97,9307,18.98,3721,13.83,1715,13.84,2255
878,2020-11-23 13:00:09.191417-05:00,18.97,9512,18.98,2833,13.83,2356,13.84,2148
879,2020-11-23 13:00:19.208949-05:00,18.97,9542,18.98,1433,13.83,2384,13.84,1908
880,2020-11-23 13:00:29.227302-05:00,18.97,5246,18.98,798,13.83,1249,13.84,1625
881,2020-11-23 13:00:39.114096-05:00,18.98,6348,18.99,9157,13.83,2435,13.84,1256
882,2020-11-23 13:00:49.131057-05:00,18.98,6893,18.99,8987,13.83,2726,13.84,1138
883,2020-11-23 13:00:59.261453-05:00,18.98,5795,18.99,9176,13.83,2003,13.84,1474
884,2020-11-23 13:01:09.278038-05:00,18.98,4321,18.99,9611,13.83,1854,13.84,1950
885,2020-11-23 13:01:19.045949-05:00,18.97,6952,18.98,10078,13.82,2271,13.83,2259
886,2020-11-23 13:01:29.061779-05:00,18.97,8837,18.98,7304,13.82,2766,13.83,1923
887,2020-11-23 13:01:39.079548-05:00,18.97,6005,18.98,10618,13.82,924,13.83,2683
888,2020-11-23 13:01:49.099284-05:00,18.97,6173,18.98,10295,13.82,1385,13.83,2518
889,2020-11-23 13:01:59.115444-05:00,18.97,6113,18.98,10432,13.82,1408,13.83,2410
890,2020-11-23 13:02:09.134057-05:00,18.97,6148,18.98,10404,13.82,881,13.83,2450
891,2020-11-23 13:02:19.151960-05:00,18.97,9234,18.98,6835,13.82,2077,13.83,1549
892,2020-11-23 13:02:19.151960-05:00,18.97,9234,18.98,6835,13.82,1552,13.83,1762
893,2020-11-23 13:02:29.202603-05:00,18.97,6915,18.98,9115,13.82,1552,13.83,1762
894,2020-11-23 13:02:39.188502-05:00,18.97,5310,18.98,10132,13.82,7,13.83,2654
895,2020-11-23 13:02:49.241129-05:00,18.97,5113,18.98,10123,13.81,3092,13.82,1020
896,2020-11-23 13:02:59.259043-05:00,18.97,6049,18.98,10131,13.81,3579,13.82,640
897,2020-11-23 13:03:09.230715-05:00,18.97,5800,18.98,10270,13.82,988,13.83,2556
898,2020-11-23 13:03:19.117525-05:00,18.97,6074,18.98,10228,13.82,1128,13.83,2545
899,2020-11-23 13:03:29.121545-05:00,18.97,9409,18.98,6459,13.82,2722,13.83,1472
900,2020-11-23 13:03:39.139478-05:00,18.97,9310,18.98,6937,13.82,2589,13.83,1484
901,2020-11-23 13:03:49.159067-05:00,18.97,6823,18.98,9667,13.82,1875,13.83,2191
902,2020-11-23 13:03:59.176336-05:00,18.97,6190,18.98,10044,13.82,1397,13.83,2417
903,2020-11-23 13:04:09.195996-05:00,18.97,6106,18.98,9945,13.82,1535,13.83,2397
904,2020-11-23 13:04:19.213998-05:00,18.97,6152,18.98,10013,13.82,1516,13.83,2382
905,2020-11-23 13:04:29.231290-05:00,18.97,5945,18.98,9994,13.82,1048,13.83,2449
906,2020-11-23 13:04:39.250749-05:00,18.97,5934,18.98,10000,13.82,1073,13.83,2443
907,2020-11-23 13:04:49.081327-05:00,18.97,6039,18.98,10000,13.82,865,13.83,2431
908,2020-11-23 13:04:58.166020-05:00,18.97,6039,18.98,10000,13.82,1637,13.83,2271
909,2020-11-23 13:04:59.129152-05:00,18.97,6853,18.98,9842,13.82,1637,13.83,2271
910,2020-11-23 13:05:09.147806-05:00,18.97,6843,18.98,9640,13.82,1694,13.83,1917
911,2020-11-23 13:05:19.169178-05:00,18.97,6865,18.98,9630,13.82,1757,13.83,1878
912,2020-11-23 13:05:28.223737-05:00,18.97,6866,18.98,9871,13.82,1757,13.83,1878
913,2020-11-23 13:05:28.223737-05:00,18.97,6866,18.98,9871,13.82,1753,13.83,2204
914,2020-11-23 13:05:39.206294-05:00,18.97,2022,18.98,5115,13.82,1306,13.83,1368
915,2020-11-23 13:05:49.225962-05:00,18.97,3859,18.98,9708,13.82,758,13.83,2356
916,2020-11-23 13:05:59.183411-05:00,18.97,2881,18.98,9715,13.81,3189,13.82,1862
917,2020-11-23 13:06:09.202870-05:00,18.97,2536,18.98,9163,13.81,2778,13.82,1729
918,2020-11-23 13:06:19.223751-05:00,18.97,1599,18.98,9802,13.81,2853,13.82,1954
919,2020-11-23 13:06:29.241159-05:00,18.96,11246,18.97,5330,13.81,2024,13.82,2506
920,2020-11-23 13:06:39.260286-05:00,18.96,10929,18.97,5234,13.81,2036,13.82,2478
921,2020-11-23 13:06:45.020204-05:00,18.96,11222,18.97,5224,13.81,2036,13.82,2478
922,2020-11-23 13:06:45.020204-05:00,18.96,11222,18.97,5224,13.81,1803,13.82,2427
923,2020-11-23 13:06:59.047194-05:00,18.96,10959,18.97,4964,13.81,1770,13.82,2715
924,2020-11-23 13:07:09.066322-05:00,18.96,11372,18.97,4908,13.81,1835,13.82,2044
925,2020-11-23 13:07:19.085559-05:00,18.96,11295,18.97,4908,13.81,1816,13.82,2198
926,2020-11-23 13:07:29.105103-05:00,18.96,11363,18.97,4856,13.81,2107,13.82,2005
927,2020-11-23 13:07:39.122843-05:00,18.96,11356,18.97,4904,13.81,1810,13.82,2247
928,2020-11-23 13:07:49.175612-05:00,18.96,11089,18.97,4888,13.81,1778,13.82,2540
929,2020-11-23 13:07:58.230534-05:00,18.96,9937,18.97,6054,13.81,1778,13.82,2540
930,2020-11-23 13:07:58.230534-05:00,18.96,9937,18.97,6054,13.81,857,13.82,2889
931,2020-11-23 13:08:09.215127-05:00,18.96,7936,18.97,8390,13.81,444,13.82,2940
932,2020-11-23 13:08:19.231570-05:00,18.96,8697,18.97,7238,13.8,3349,13.81,941
933,2020-11-23 13:08:29.249635-05:00,18.96,7217,18.97,8861,13.8,3035,13.81,1702
934,2020-11-23 13:08:39.269359-05:00,18.96,7733,18.97,8446,13.8,3183,13.81,1359
935,2020-11-23 13:08:49.037121-05:00,18.96,7753,18.97,8552,13.8,3175,13.81,1434
936,2020-11-23 13:08:59.056965-05:00,18.96,7741,18.97,8595,13.8,3179,13.81,1434
937,2020-11-23 13:09:09.075376-05:00,18.96,7238,18.97,8778,13.8,3062,13.81,1394
938,2020-11-23 13:09:19.095392-05:00,18.96,7413,18.97,8842,13.8,2893,13.81,1461
939,2020-11-23 13:09:20.096221-05:00,18.96,7413,18.97,8842,13.8,2970,13.81,1473
940,2020-11-23 13:09:29.113022-05:00,18.96,6943,18.97,8906,13.8,2970,13.81,1473
941,2020-11-23 13:09:39.133516-05:00,18.96,7525,18.97,8590,13.8,3110,13.81,1420
942,2020-11-23 13:09:49.149573-05:00,18.96,7519,18.97,8640,13.8,3110,13.81,1363
943,2020-11-23 13:09:59.166659-05:00,18.96,7705,18.97,7752,13.8,3378,13.81,497
944,2020-11-23 13:10:09.182715-05:00,18.96,7631,18.97,7622,13.8,3391,13.81,478
945,2020-11-23 13:10:19.200154-05:00,18.96,7551,18.97,8391,13.8,3369,13.81,846
946,2020-11-23 13:10:29.216363-05:00,18.96,7773,18.97,7556,13.8,3387,13.81,505
947,2020-11-23 13:10:39.232871-05:00,18.96,7764,18.97,7563,13.8,3389,13.81,477
948,2020-11-23 13:10:49.250207-05:00,18.96,7605,18.97,7758,13.8,3370,13.81,597
949,2020-11-23 13:10:50.250003-05:00,18.96,7605,18.97,7758,13.8,3371,13.81,932
950,2020-11-23 13:10:59.266511-05:00,18.96,7570,18.97,8542,13.8,3371,13.81,932
951,2020-11-23 13:11:09.282224-05:00,18.96,9528,18.97,7094,13.8,3374,13.81,417
952,2020-11-23 13:11:10.033617-05:00,18.96,9528,18.97,7094,13.8,3348,13.81,1088
953,2020-11-23 13:11:19.048456-05:00,18.96,7572,18.97,8602,13.8,3348,13.81,1088
954,2020-11-23 13:11:29.064221-05:00,18.96,6974,18.97,8648,13.8,3353,13.81,1088
955,2020-11-23 13:11:39.086721-05:00,18.96,7530,18.97,8597,13.8,3363,13.81,870
956,2020-11-23 13:11:39.086721-05:00,18.96,7530,18.97,8597,13.8,3363,13.81,1085
957,2020-11-23 13:11:48.136005-05:00,18.96,7530,18.97,8653,13.8,3363,13.81,1085
958,2020-11-23 13:11:59.115221-05:00,18.96,7542,18.97,8442,13.8,3369,13.81,822
959,2020-11-23 13:12:09.130400-05:00,18.96,7532,18.97,8494,13.8,3372,13.81,927
960,2020-11-23 13:12:19.146982-05:00,18.96,6362,18.97,8938,13.8,2529,13.81,1244
961,2020-11-23 13:12:29.163157-05:00,18.96,6435,18.97,8926,13.8,2852,13.81,1202
962,2020-11-23 13:12:39.214491-05:00,18.96,6447,18.97,8874,13.8,2869,13.81,1222
963,2020-11-23 13:12:49.196667-05:00,18.96,5915,18.97,8928,13.8,2483,13.81,1279
964,2020-11-23 13:12:59.147794-05:00,18.96,6027,18.97,8907,13.8,2363,13.81,1370
965,2020-11-23 13:13:09.166846-05:00,18.96,4876,18.97,9481,13.8,2240,13.81,1897
966,2020-11-23 13:13:19.183619-05:00,18.96,3067,18.97,9471,13.8,1860,13.81,2023
967,2020-11-23 13:13:29.163250-05:00,18.96,2106,18.97,9538,13.8,1093,13.81,2134
968,2020-11-23 13:13:39.047100-05:00,18.96,3667,18.97,8961,13.8,1757,13.81,1544
969,2020-11-23 13:13:49.092905-05:00,18.96,4102,18.97,8940,13.8,1761,13.81,1532
970,2020-11-23 13:13:58.282039-05:00,18.96,4081,18.97,8940,13.8,1750,13.81,1462
971,2020-11-23 13:14:09.264726-05:00,18.96,2093,18.97,9294,13.8,1079,13.81,2141
972,2020-11-23 13:14:19.032741-05:00,18.96,2093,18.97,9251,13.8,1045,13.81,2146
973,2020-11-23 13:14:29.052641-05:00,18.95,11323,18.96,3487,13.8,495,13.81,2349
974,2020-11-23 13:14:39.071503-05:00,18.95,11298,18.96,5828,13.8,553,13.81,2345
975,2020-11-23 13:14:49.089490-05:00,18.95,11158,18.96,5734,13.8,441,13.81,2354
976,2020-11-23 13:14:59.282298-05:00,18.95,11163,18.96,5734,13.8,380,13.81,2344
977,2020-11-23 13:14:59.282298-05:00,18.95,11163,18.96,5734,13.79,1916,13.8,2010
978,2020-11-23 13:15:09.029399-05:00,18.95,8956,18.96,8747,13.79,1916,13.8,2010
979,2020-11-23 13:15:19.049423-05:00,18.95,10707,18.96,5727,13.79,2630,13.8,1113
980,2020-11-23 13:15:28.159264-05:00,18.95,11316,18.96,5649,13.79,2630,13.8,1113
981,2020-11-23 13:15:28.159264-05:00,18.95,11316,18.96,5649,13.79,2692,13.8,525
982,2020-11-23 13:15:28.159264-05:00,18.95,11316,18.96,5649,13.79,2601,13.8,996
983,2020-11-23 13:15:39.142104-05:00,18.95,10808,18.96,5650,13.79,2601,13.8,996
984,2020-11-23 13:15:49.159229-05:00,18.95,10284,18.96,6332,13.79,2031,13.8,1522
985,2020-11-23 13:15:59.288112-05:00,18.95,10709,18.96,5660,13.79,2673,13.8,1102
986,2020-11-23 13:16:09.054087-05:00,18.95,10781,18.96,5700,13.79,2566,13.8,1354
987,2020-11-23 13:16:19.115773-05:00,18.95,10918,18.96,5696,13.79,2659,13.8,1116
988,2020-11-23 13:16:29.101010-05:00,18.95,11266,18.96,5659,13.79,2725,13.8,702
989,2020-11-23 13:16:39.179339-05:00,18.95,11409,18.96,3580,13.8,1711,13.81,2216
990,2020-11-23 13:16:43.181519-05:00,18.95,11409,18.96,3580,13.8,2413,13.81,1455
991,2020-11-23 13:16:49.079617-05:00,18.96,6103,18.97,9716,13.8,2413,13.81,1455
992,2020-11-23 13:16:59.234746-05:00,18.96,5282,18.97,9156,13.8,1863,13.81,1272
993,2020-11-23 13:17:09.253466-05:00,18.96,5156,18.97,9775,13.8,2048,13.81,1511
994,2020-11-23 13:17:19.269541-05:00,18.96,4657,18.97,9215,13.8,2097,13.81,1187
995,2020-11-23 13:17:19.269541-05:00,18.96,4657,18.97,9215,13.8,2192,13.81,1435
996,2020-11-23 13:17:29.076602-05:00,18.96,4748,18.97,9775,13.8,2192,13.81,1435
997,2020-11-23 13:17:39.054675-05:00,18.96,4792,18.97,9775,13.8,2161,13.81,1428
998,2020-11-23 13:17:48.219817-05:00,18.96,3097,18.97,9845,13.8,1916,13.81,1930
999,2020-11-23 13:17:59.199274-05:00,18.96,1871,18.97,10007,13.8,1865,13.81,1966
1000,2020-11-23 13:18:09.219320-05:00,18.96,1560,18.97,10287,13.8,1152,13.81,2310
1001,2020-11-23 13:18:19.075539-05:00,18.95,10402,18.96,7426,13.79,2096,13.8,1978
1002,2020-11-23 13:18:29.055812-05:00,18.95,10374,18.96,7430,13.79,2200,13.8,1989
1003,2020-11-23 13:18:38.110805-05:00,18.95,8416,18.96,9560,13.79,2200,13.8,1989
1004,2020-11-23 13:18:38.110805-05:00,18.95,8416,18.96,9560,13.79,1933,13.8,2182
1005,2020-11-23 13:18:49.090553-05:00,18.95,7924,18.96,8375,13.79,1888,13.8,2213
1006,2020-11-23 13:18:58.145886-05:00,18.95,7946,18.96,9614,13.79,1888,13.8,2213
1007,2020-11-23 13:18:58.145886-05:00,18.95,7946,18.96,9614,13.79,1866,13.8,2524
1008,2020-11-23 13:19:09.127213-05:00,18.95,7938,18.96,9614,13.79,1849,13.8,2546
1009,2020-11-23 13:19:09.127213-05:00,18.95,7938,18.96,9614,13.79,1830,13.8,2542
1010,2020-11-23 13:19:19.144505-05:00,18.95,7938,18.96,9616,13.79,1830,13.8,2542
1011,2020-11-23 13:19:29.162124-05:00,18.95,8466,18.96,8025,13.79,1879,13.8,2041
1012,2020-11-23 13:19:39.180025-05:00,18.95,7942,18.96,9616,13.79,1835,13.8,2538
1013,2020-11-23 13:19:49.196751-05:00,18.95,7646,18.96,9056,13.79,1668,13.8,2091
1014,2020-11-23 13:19:59.215275-05:00,18.95,7898,18.96,9767,13.79,1605,13.8,2761
1015,2020-11-23 13:20:09.232551-05:00,18.95,7908,18.96,9730,13.79,1550,13.8,2753
1016,2020-11-23 13:20:09.232551-05:00,18.95,7908,18.96,9730,13.79,1549,13.8,2757
1017,2020-11-23 13:20:19.250258-05:00,18.95,7926,18.96,9730,13.79,1549,13.8,2757
1018,2020-11-23 13:20:29.077690-05:00,18.95,8533,18.96,9562,13.79,1803,13.8,2563
1019,2020-11-23 13:20:39.097547-05:00,18.95,7085,18.96,9777,13.79,1076,13.8,2862
1020,2020-11-23 13:20:49.117162-05:00,18.95,7392,18.96,9733,13.79,1063,13.8,2800
1021,2020-11-23 13:20:59.219101-05:00,18.95,6601,18.96,10004,13.79,656,13.8,2863
1022,2020-11-23 13:21:09.239551-05:00,18.94,9083,18.95,5346,13.78,1623,13.79,2775
1023,2020-11-23 13:21:19.259557-05:00,18.94,6488,18.95,8110,13.78,899,13.79,3104
1024,2020-11-23 13:21:29.279476-05:00,18.94,5761,18.95,8542,13.77,2657,13.78,1711
1025,2020-11-23 13:21:39.048859-05:00,18.94,5781,18.95,8533,13.77,2670,13.78,1796
1026,2020-11-23 13:21:49.069398-05:00,18.94,6356,18.95,7798,13.77,2785,13.78,754
1027,2020-11-23 13:21:59.088094-05:00,18.94,8978,18.95,5362,13.77,2886,13.78,213
1028,2020-11-23 13:22:09.109096-05:00,18.94,9089,18.95,4568,13.78,2063,13.79,2764
1029,2020-11-23 13:22:19.127301-05:00,18.94,8269,18.95,5370,13.78,1809,13.79,2918
1030,2020-11-23 13:22:28.183353-05:00,18.94,8419,18.95,5427,13.78,1809,13.79,2918
1031,2020-11-23 13:22:28.183353-05:00,18.94,8419,18.95,5427,13.78,1821,13.79,2924
1032,2020-11-23 13:22:39.166628-05:00,18.94,9310,18.95,4382,13.78,2204,13.79,2757
1033,2020-11-23 13:22:49.185100-05:00,18.94,9325,18.95,4056,13.78,2221,13.79,2642
1034,2020-11-23 13:22:59.242228-05:00,18.94,8009,18.95,5285,13.78,1233,13.79,2933
1035,2020-11-23 13:23:09.224088-05:00,18.94,8992,18.95,4014,13.78,1600,13.79,2684
1036,2020-11-23 13:23:09.224088-05:00,18.94,8992,18.95,4014,13.78,1695,13.79,2267
1037,2020-11-23 13:23:19.241086-05:00,18.94,9471,18.95,3974,13.78,1695,13.79,2267
1038,2020-11-23 13:23:29.259127-05:00,18.94,9277,18.95,3970,13.78,1676,13.79,3010
1039,2020-11-23 13:23:39.028403-05:00,18.94,9059,18.95,3958,13.78,1673,13.79,3023
1040,2020-11-23 13:23:49.044079-05:00,18.94,8767,18.95,4390,13.78,1516,13.79,2834
1041,2020-11-23 13:23:59.062190-05:00,18.94,8943,18.95,4054,13.78,1672,13.79,2794
1042,2020-11-23 13:24:09.080559-05:00,18.94,9397,18.95,3958,13.78,1694,13.79,2268
1043,2020-11-23 13:24:19.100595-05:00,18.94,8687,18.95,4962,13.78,1476,13.79,2907
1044,2020-11-23 13:24:29.118989-05:00,18.94,8935,18.95,4064,13.78,1672,13.79,2798
1045,2020-11-23 13:24:29.118989-05:00,18.94,8935,18.95,4064,13.78,1672,13.79,2794
1046,2020-11-23 13:24:39.137641-05:00,18.94,8985,18.95,4080,13.78,1672,13.79,2794
1047,2020-11-23 13:24:49.193868-05:00,18.94,8006,18.95,5704,13.78,1290,13.79,2939
1048,2020-11-23 13:24:59.174167-05:00,18.94,8476,18.95,5248,13.78,1231,13.79,2935
1049,2020-11-23 13:25:09.191335-05:00,18.94,6025,18.95,7416,13.78,624,13.79,3020
1050,2020-11-23 13:25:19.210563-05:00,18.94,6045,18.95,7399,13.78,688,13.79,3008
1051,2020-11-23 13:25:29.229148-05:00,18.94,6031,18.95,7382,13.78,817,13.79,2992
1052,2020-11-23 13:25:39.249530-05:00,18.94,5972,18.95,7398,13.78,656,13.79,2999
1053,2020-11-23 13:25:49.269123-05:00,18.94,5970,18.95,8020,13.78,470,13.79,3009
1054,2020-11-23 13:25:59.035391-05:00,18.94,5420,18.95,8281,13.78,689,13.79,3104
1055,2020-11-23 13:26:09.056172-05:00,18.94,6054,18.95,6180,13.78,745,13.79,3390
1056,2020-11-23 13:26:17.178859-05:00,18.94,5972,18.95,7400,13.78,745,13.79,3390
1057,2020-11-23 13:26:17.178859-05:00,18.94,5972,18.95,7400,13.78,915,13.79,3268
1058,2020-11-23 13:26:29.128891-05:00,18.94,8436,18.95,5216,13.78,1285,13.79,3078
1059,2020-11-23 13:26:39.149308-05:00,18.94,8361,18.95,5188,13.78,1282,13.79,3212
1060,2020-11-23 13:26:47.162357-05:00,18.94,7667,18.95,7313,13.78,1282,13.79,3212
1061,2020-11-23 13:26:47.162357-05:00,18.94,7667,18.95,7313,13.78,915,13.79,3232
1062,2020-11-23 13:26:58.263398-05:00,18.94,7667,18.95,7299,13.78,915,13.79,3232
1063,2020-11-23 13:26:58.263398-05:00,18.94,7667,18.95,7299,13.78,1045,13.79,3227
1064,2020-11-23 13:27:09.241069-05:00,18.94,5974,18.95,7912,13.78,793,13.79,3232
1065,2020-11-23 13:27:19.261131-05:00,18.94,7864,18.95,5789,13.78,1265,13.79,3179
1066,2020-11-23 13:27:26.022303-05:00,18.94,8375,18.95,5178,13.78,1265,13.79,3179
1067,2020-11-23 13:27:26.022303-05:00,18.94,8375,18.95,5178,13.78,1293,13.79,3179
1068,2020-11-23 13:27:39.048983-05:00,18.94,6511,18.95,5979,13.78,947,13.79,2895
1069,2020-11-23 13:27:49.107458-05:00,18.94,8795,18.95,4008,13.78,1617,13.79,2874
1070,2020-11-23 13:27:59.088121-05:00,18.94,8800,18.95,3988,13.78,1616,13.79,2889
1071,2020-11-23 13:28:09.107948-05:00,18.94,9665,18.95,2639,13.78,2787,13.79,1674
1072,2020-11-23 13:28:19.128502-05:00,18.94,9450,18.95,3108,13.78,2416,13.79,1682
1073,2020-11-23 13:28:29.148051-05:00,18.94,9657,18.95,2420,13.78,2498,13.79,1615
1074,2020-11-23 13:28:39.168186-05:00,18.94,10130,18.95,986,13.78,2552,13.79,1048
1075,2020-11-23 13:28:49.118931-05:00,18.94,10411,18.95,485,13.78,2860,13.79,306
1076,2020-11-23 13:28:56.229596-05:00,18.95,6829,18.96,9749,13.78,2860,13.79,306
1077,2020-11-23 13:28:56.229596-05:00,18.95,6829,18.96,9749,13.79,2828,13.8,1952
1078,2020-11-23 13:29:09.257284-05:00,18.95,7518,18.96,9646,13.79,3009,13.8,1861
1079,2020-11-23 13:29:19.277946-05:00,18.95,3451,18.96,10620,13.79,735,13.8,2955
1080,2020-11-23 13:29:29.047259-05:00,18.95,1354,18.96,11125,13.78,2427,13.79,1740
1081,2020-11-23 13:29:39.107471-05:00,18.95,1822,18.96,11125,13.78,2533,13.79,1724
1082,2020-11-23 13:29:49.088293-05:00,18.95,299,18.96,11518,13.78,1992,13.79,1852
1083,2020-11-23 13:29:59.108232-05:00,18.94,10326,18.95,5612,13.78,2122,13.79,1852
1084,2020-11-23 13:30:09.129392-05:00,18.94,10092,18.95,5700,13.78,1845,13.79,1998
1085,2020-11-23 13:30:19.149900-05:00,18.94,8655,18.95,8701,13.78,894,13.79,2763
1086,2020-11-23 13:30:29.257998-05:00,18.94,9463,18.95,6642,13.78,1446,13.79,2679
1087,2020-11-23 13:30:39.093806-05:00,18.94,9437,18.95,6678,13.78,1457,13.79,2685
1088,2020-11-23 13:30:49.074500-05:00,18.94,9821,18.95,5717,13.78,1730,13.79,2140
1089,2020-11-23 13:30:56.003647-05:00,18.94,9672,18.95,4563,13.78,1730,13.79,2140
1090,2020-11-23 13:30:56.003647-05:00,18.94,9672,18.95,4563,13.78,2363,13.79,901
1091,2020-11-23 13:31:09.282214-05:00,18.94,10272,18.95,4797,13.78,2487,13.79,1091
1092,2020-11-23 13:31:19.144311-05:00,18.94,10432,18.95,3385,13.78,2608,13.79,1013
1093,2020-11-23 13:31:27.171509-05:00,18.94,10407,18.95,3871,13.78,2608,13.79,1013
1094,2020-11-23 13:31:27.171509-05:00,18.94,10407,18.95,3871,13.78,2652,13.79,1014
1095,2020-11-23 13:31:37.058051-05:00,18.94,10389,18.95,3871,13.78,2652,13.79,1014
1096,2020-11-23 13:31:37.058051-05:00,18.94,10389,18.95,3871,13.78,2628,13.79,1049
1097,2020-11-23 13:31:49.096828-05:00,18.94,10350,18.95,3947,13.78,2452,13.79,1175
1098,2020-11-23 13:31:49.096828-05:00,18.94,10350,18.95,3947,13.78,1839,13.79,1366
1099,2020-11-23 13:31:59.057575-05:00,18.94,10232,18.95,3990,13.78,1839,13.79,1366
1100,2020-11-23 13:32:09.170398-05:00,18.94,10373,18.95,4311,13.78,2381,13.79,1238
1101,2020-11-23 13:32:19.191571-05:00,18.94,10374,18.95,4298,13.78,2408,13.79,1236
1102,2020-11-23 13:32:29.164351-05:00,18.94,9888,18.95,4339,13.78,1948,13.79,1636
1103,2020-11-23 13:32:29.164351-05:00,18.94,9888,18.95,4339,13.78,1844,13.79,1628
1104,2020-11-23 13:32:39.093596-05:00,18.94,9960,18.95,4347,13.78,1844,13.79,1628
1105,2020-11-23 13:32:49.074647-05:00,18.94,10211,18.95,4339,13.78,1850,13.79,1345
1106,2020-11-23 13:32:59.093926-05:00,18.94,10053,18.95,4351,13.78,1843,13.79,1377
1107,2020-11-23 13:33:09.115632-05:00,18.94,9829,18.95,4359,13.78,1817,13.79,1685
1108,2020-11-23 13:33:19.137373-05:00,18.94,10274,18.95,4324,13.78,2067,13.79,1248
1109,2020-11-23 13:33:29.222694-05:00,18.94,10268,18.95,3987,13.78,2053,13.79,1250
1110,2020-11-23 13:33:39.247510-05:00,18.94,10619,18.95,3132,13.78,2664,13.79,949
1111,2020-11-23 13:33:44.004916-05:00,18.94,10619,18.95,3132,13.78,2660,13.79,764
1112,2020-11-23 13:33:49.182066-05:00,18.94,10716,18.95,2375,13.78,2660,13.79,764
1113,2020-11-23 13:33:59.143858-05:00,18.94,10404,18.95,3636,13.78,2603,13.79,1057
1114,2020-11-23 13:34:09.162473-05:00,18.94,10599,18.95,2329,13.78,2650,13.79,1104
1115,2020-11-23 13:34:19.182910-05:00,18.94,10604,18.95,3081,13.78,2900,13.79,1081
1116,2020-11-23 13:34:19.182910-05:00,18.94,10604,18.95,3081,13.78,2904,13.79,956
1117,2020-11-23 13:34:29.200973-05:00,18.94,10701,18.95,2397,13.78,2904,13.79,956
1118,2020-11-23 13:34:37.217759-05:00,18.94,11059,18.95,515,13.78,2904,13.79,956
1119,2020-11-23 13:34:37.217759-05:00,18.94,11059,18.95,515,13.78,3098,13.79,580
1120,2020-11-23 13:34:45.234716-05:00,18.94,11059,18.95,515,13.78,3199,13.79,411
1121,2020-11-23 13:34:49.243125-05:00,18.94,11581,18.95,28,13.78,3199,13.79,411
1122,2020-11-23 13:34:59.262049-05:00,18.94,11053,18.95,730,13.78,3108,13.79,396
1123,2020-11-23 13:35:09.031357-05:00,18.95,10127,18.96,9609,13.79,3689,13.8,1778
1124,2020-11-23 13:35:19.053209-05:00,18.95,5532,18.96,12027,13.79,1101,13.8,2739
1125,2020-11-23 13:35:29.073254-05:00,18.95,5597,18.96,11613,13.79,1757,13.8,2691
1126,2020-11-23 13:35:34.082125-05:00,18.95,5597,18.96,11613,13.79,1889,13.8,2104
1127,2020-11-23 13:35:39.132688-05:00,18.95,6468,18.96,11103,13.79,1889,13.8,2104
1128,2020-11-23 13:35:39.132688-05:00,18.95,6468,18.96,11103,13.79,1922,13.8,2101
1129,2020-11-23 13:35:49.153352-05:00,18.95,6468,18.96,11117,13.79,1922,13.8,2101
1130,2020-11-23 13:35:49.153352-05:00,18.95,6468,18.96,11117,13.79,1889,13.8,2040
1131,2020-11-23 13:36:09.153620-05:00,18.95,9397,18.96,8397,13.79,2687,13.8,1746
1132,2020-11-23 13:36:19.171446-05:00,18.95,9371,18.96,8403,13.79,2703,13.8,1746
1133,2020-11-23 13:36:29.190700-05:00,18.95,9645,18.96,4610,13.8,2228,13.81,2211
1134,2020-11-23 13:36:39.213722-05:00,18.95,10147,18.96,3636,13.8,2268,13.81,1768
1135,2020-11-23 13:36:47.225048-05:00,18.95,10034,18.96,4457,13.8,2268,13.81,1768
1136,2020-11-23 13:36:47.225048-05:00,18.95,10034,18.96,4457,13.8,2283,13.81,2173
1137,2020-11-23 13:36:59.249719-05:00,18.95,9755,18.96,5241,13.8,1050,13.81,2334
1138,2020-11-23 13:37:09.270566-05:00,18.95,9663,18.96,6080,13.8,835,13.81,2653
1139,2020-11-23 13:37:19.288726-05:00,18.95,5796,18.96,9462,13.79,2091,13.8,2609
1140,2020-11-23 13:37:29.062590-05:00,18.95,1778,18.96,9806,13.79,489,13.8,2986
1141,2020-11-23 13:37:39.116278-05:00,18.95,3700,18.96,10045,13.79,1246,13.8,3089
1142,2020-11-23 13:37:49.095932-05:00,18.95,3953,18.96,10044,13.79,1332,13.8,3060
1143,2020-11-23 13:37:59.116158-05:00,18.95,4025,18.96,9778,13.79,1840,13.8,2859
1144,2020-11-23 13:38:09.136467-05:00,18.95,4391,18.96,9714,13.79,1939,13.8,2533
1145,2020-11-23 13:38:19.155464-05:00,18.95,4384,18.96,9743,13.79,1857,13.8,2892
1146,2020-11-23 13:38:29.174048-05:00,18.95,4421,18.96,9623,13.79,1985,13.8,2347
1147,2020-11-23 13:38:35.185194-05:00,18.95,4655,18.96,8783,13.79,1985,13.8,2347
1148,2020-11-23 13:38:35.185194-05:00,18.95,4655,18.96,8783,13.79,1888,13.8,2052
1149,2020-11-23 13:38:49.213594-05:00,18.95,6102,18.96,8558,13.79,2412,13.8,2069
1150,2020-11-23 13:38:59.232630-05:00,18.95,5609,18.96,9276,13.79,1980,13.8,2267
1151,2020-11-23 13:39:09.251697-05:00,18.95,4382,18.96,9592,13.79,1995,13.8,2602
1152,2020-11-23 13:39:18.018854-05:00,18.95,4394,18.96,9611,13.79,1997,13.8,2453
1153,2020-11-23 13:39:18.018854-05:00,18.95,4394,18.96,9611,13.79,1997,13.8,2605
1154,2020-11-23 13:39:28.287092-05:00,18.95,4394,18.96,9595,13.79,1997,13.8,2605
1155,2020-11-23 13:39:39.178738-05:00,18.95,4386,18.96,9595,13.79,1997,13.8,2641
1156,2020-11-23 13:39:49.198727-05:00,18.95,4906,18.96,9577,13.79,1975,13.8,2536
1157,2020-11-23 13:39:49.198727-05:00,18.95,4906,18.96,9577,13.79,1976,13.8,2294
1158,2020-11-23 13:39:59.218843-05:00,18.95,5739,18.96,9189,13.79,1976,13.8,2294
1159,2020-11-23 13:40:09.239031-05:00,18.95,4378,18.96,9610,13.79,1868,13.8,2749
1160,2020-11-23 13:40:19.258396-05:00,18.95,4382,18.96,9630,13.79,1961,13.8,2723
1161,2020-11-23 13:40:29.277898-05:00,18.95,4368,18.96,9774,13.79,1642,13.8,2904
1162,2020-11-23 13:40:39.047343-05:00,18.95,1981,18.96,9783,13.79,539,13.8,3025
1163,2020-11-23 13:40:49.105642-05:00,18.95,3342,18.96,9793,13.79,1105,13.8,2990
1164,2020-11-23 13:40:59.121705-05:00,18.95,237,18.96,10183,13.78,2110,13.79,1884
1165,2020-11-23 13:41:09.060819-05:00,18.94,7426,18.95,8946,13.78,1337,13.79,2759
1166,2020-11-23 13:41:19.119627-05:00,18.94,9342,18.95,6251,13.78,1763,13.79,2577
1167,2020-11-23 13:41:29.099278-05:00,18.94,10468,18.95,5791,13.78,2751,13.79,1715
1168,2020-11-23 13:41:39.160033-05:00,18.94,5115,18.95,866,13.78,2020,13.79,620
1169,2020-11-23 13:41:49.139823-05:00,18.95,8574,18.96,5747,13.79,3127,13.8,1755
1170,2020-11-23 13:41:59.157868-05:00,18.95,8607,18.96,5685,13.79,3149,13.8,1244
1171,2020-11-23 13:42:09.179413-05:00,18.95,9530,18.96,3189,13.79,3607,13.8,63
1172,2020-11-23 13:42:19.198538-05:00,18.95,9550,18.96,1942,13.8,2420,13.81,2182
1173,2020-11-23 13:42:29.217840-05:00,18.95,10466,18.96,3424,13.8,2300,13.81,2256
1174,2020-11-23 13:42:39.237235-05:00,18.95,10289,18.96,3784,13.8,1041,13.81,2325
1175,2020-11-23 13:42:49.256870-05:00,18.95,4200,18.96,1132,13.8,42,13.81,1850
1176,2020-11-23 13:42:59.277441-05:00,18.95,4893,18.96,8035,13.79,2221,13.8,1932
1177,2020-11-23 13:43:09.046444-05:00,18.95,8228,18.96,5010,13.79,2915,13.8,1606
1178,2020-11-23 13:43:19.066202-05:00,18.95,8755,18.96,3663,13.79,3208,13.8,80
1179,2020-11-23 13:43:29.085857-05:00,18.95,8927,18.96,3227,13.8,2426,13.81,2211
1180,2020-11-23 13:43:39.102576-05:00,18.95,8904,18.96,3597,13.8,2057,13.81,2221
1181,2020-11-23 13:43:49.121289-05:00,18.95,9131,18.96,2478,13.8,2300,13.81,2060
1182,2020-11-23 13:43:59.177846-05:00,18.95,8544,18.96,4133,13.8,213,13.81,2704
1183,2020-11-23 13:44:09.159748-05:00,18.95,5538,18.96,8015,13.79,2214,13.8,2566
1184,2020-11-23 13:44:19.177765-05:00,18.95,7678,18.96,5036,13.79,2706,13.8,2095
1185,2020-11-23 13:44:29.198120-05:00,18.95,8645,18.96,4425,13.79,2922,13.8,692
1186,2020-11-23 13:44:29.198120-05:00,18.95,8645,18.96,4425,13.79,2903,13.8,701
1187,2020-11-23 13:44:39.214448-05:00,18.95,8691,18.96,4425,13.79,2903,13.8,701
1188,2020-11-23 13:44:39.214448-05:00,18.95,8691,18.96,4425,13.79,2909,13.8,655
1189,2020-11-23 13:44:49.235968-05:00,18.95,8691,18.96,4263,13.79,2909,13.8,655
1190,2020-11-23 13:44:49.235968-05:00,18.95,8691,18.96,4263,13.79,3139,13.8,461
1191,2020-11-23 13:44:59.141357-05:00,18.95,8751,18.96,4270,13.79,3139,13.8,461
1192,2020-11-23 13:45:09.159653-05:00,18.95,8220,18.96,4766,13.8,593,13.81,2474
1193,2020-11-23 13:45:19.179763-05:00,18.95,8398,18.96,5169,13.79,3170,13.8,1468
1194,2020-11-23 13:45:29.197725-05:00,18.95,7427,18.96,6336,13.79,2510,13.8,1797
1195,2020-11-23 13:45:39.219056-05:00,18.95,5565,18.96,7957,13.79,2136,13.8,2011
1196,2020-11-23 13:45:39.219056-05:00,18.95,5565,18.96,7957,13.79,2075,13.8,2132
1197,2020-11-23 13:45:48.275224-05:00,18.95,5541,18.96,8197,13.79,2075,13.8,2132
1198,2020-11-23 13:45:59.258126-05:00,18.95,7773,18.96,5516,13.79,2731,13.8,1751
1199,2020-11-23 13:46:09.277555-05:00,18.95,4846,18.96,7480,13.79,1694,13.8,2437
1200,2020-11-23 13:46:19.045550-05:00,18.95,4788,18.96,8649,13.79,2046,13.8,2595
1201,2020-11-23 13:46:29.067967-05:00,18.95,4777,18.96,8636,13.79,2042,13.8,2483
1202,2020-11-23 13:46:39.084211-05:00,18.95,4780,18.96,8671,13.79,2030,13.8,2658
1203,2020-11-23 13:46:49.104533-05:00,18.95,4776,18.96,8613,13.79,2078,13.8,2656
1204,2020-11-23 13:46:57.117549-05:00,18.95,4776,18.96,8613,13.79,2125,13.8,1990
1205,2020-11-23 13:46:59.161474-05:00,18.95,5533,18.96,7610,13.79,2125,13.8,1990
1206,2020-11-23 13:47:09.142212-05:00,18.95,9122,18.96,2459,13.8,2068,13.81,1697
1207,2020-11-23 13:47:19.161438-05:00,18.95,10237,18.96,2180,13.8,2173,13.81,1934
1208,2020-11-23 13:47:29.233274-05:00,18.96,9283,18.97,8973,13.8,2758,13.81,326
1209,2020-11-23 13:47:29.233274-05:00,18.96,9283,18.97,8973,13.8,2853,13.81,522
1210,2020-11-23 13:47:39.065808-05:00,18.96,8813,18.97,8978,13.8,2853,13.81,522
1211,2020-11-23 13:47:49.100118-05:00,18.96,5689,18.97,10393,13.8,2370,13.81,1273
1212,2020-11-23 13:47:59.158673-05:00,18.96,3954,18.97,10764,13.8,1835,13.81,2002
1213,2020-11-23 13:48:09.060726-05:00,18.96,2679,18.97,11254,13.8,1846,13.81,2125
1214,2020-11-23 13:48:19.174721-05:00,18.96,329,18.97,12067,13.8,1106,13.81,2207
1215,2020-11-23 13:48:29.156684-05:00,18.96,1909,18.97,11653,13.8,1712,13.81,2125
1216,2020-11-23 13:48:39.175694-05:00,18.96,2180,18.97,11087,13.8,1755,13.81,2087
1217,2020-11-23 13:48:49.195930-05:00,18.95,9815,18.96,6993,13.8,890,13.81,2278
1218,2020-11-23 13:48:59.216364-05:00,18.95,4211,18.96,1590,13.8,5,13.81,1681
1219,2020-11-23 13:49:09.236611-05:00,18.95,8887,18.96,4783,13.79,2717,13.8,1251
1220,2020-11-23 13:49:19.258061-05:00,18.95,8446,18.96,5495,13.79,2601,13.8,1294
1221,2020-11-23 13:49:29.275699-05:00,18.95,7730,18.96,8049,13.79,1941,13.8,1673
1222,2020-11-23 13:49:39.166058-05:00,18.95,8698,18.96,5192,13.79,2697,13.8,1206
1223,2020-11-23 13:49:39.166058-05:00,18.95,8698,18.96,5192,13.79,2747,13.8,1037
1224,2020-11-23 13:49:49.185873-05:00,18.95,8789,18.96,5176,13.79,2747,13.8,1037
1225,2020-11-23 13:49:59.085134-05:00,18.95,8850,18.96,5003,13.79,2738,13.8,1049
1226,2020-11-23 13:50:09.206732-05:00,18.95,7939,18.96,5665,13.79,2562,13.8,1199
1227,2020-11-23 13:50:19.201869-05:00,18.95,8885,18.96,4975,13.79,2747,13.8,1113
1228,2020-11-23 13:50:29.222002-05:00,18.95,8634,18.96,5023,13.79,2421,13.8,1113
1229,2020-11-23 13:50:39.241994-05:00,18.95,8679,18.96,5034,13.79,2602,13.8,1126
1230,2020-11-23 13:50:49.264054-05:00,18.95,8772,18.96,5023,13.79,2734,13.8,1114
1231,2020-11-23 13:50:49.264054-05:00,18.95,8772,18.96,5023,13.79,2766,13.8,1105
1232,2020-11-23 13:50:59.283686-05:00,18.95,8997,18.96,4967,13.79,2766,13.8,1105
1233,2020-11-23 13:51:09.052056-05:00,18.95,8749,18.96,4971,13.79,2605,13.8,1109
1234,2020-11-23 13:51:19.072992-05:00,18.95,8441,18.96,5624,13.79,2412,13.8,1258
